
{
    "product":{
        "id":8228081729801,
        "title":"Dr Pepper Strawberry \u0026 Cream 355ml",
        "body_html":"\u003cp\u003eErwecke dein Sodalimit mit der neuen Dr Pepper Creation! Mit der beliebten Soda und dem brandneuen feinen Geschmack nach Erdbeere und Sahne, sorgt Dr Pepper in 355ml f\u00fcr ein einzigartiges Geschmackserlebnis! K\u00fchle Erfrischung inklusive! Also, worauf\u00a0wartest du?\u003c\/p\u003e\n\u003cp\u003e\u00a0\u003c\/p\u003e\n\u003cp\u003e\u003cstrong\u003eZutaten:\u003c\/strong\u003e\u003cspan\u003e\u00a0\u003c\/span\u003eKohlens\u00e4urehaltiges Wasser, Maissirup mit hohem Fruchtzuckergehalt und weniger als 2 % von: Karamellfarbe, nat\u00fcrliche und k\u00fcnstliche Aromen, Natriumbenzoat (Konservierungsmittel), Phosphors\u00e4ure, Koffein, Natriumphosphat\u003cbr\u003e\u003cstrong\u003eKoffeingehalt: 11,55mg\/100ml.\u003c\/strong\u003e\u003c\/p\u003e\n\u003cdiv class=\"table-wrapper\"\u003e\n\u003ctable\u003e\n\u003ctbody\u003e\n\u003ctr\u003e\n\u003ctd width=\"85\"\u003e\n\u003cp\u003e\u003cstrong\u003eN\u00e4hrwertangaben\u003c\/strong\u003e\u003c\/p\u003e\n\u003c\/td\u003e\n\u003ctd width=\"104\"\u003e\n\u003cp\u003e\u003cstrong\u003eje 100 ml\u003c\/strong\u003e\u003c\/p\u003e\n\u003c\/td\u003e\n\u003c\/tr\u003e\n\u003ctr\u003e\n\u003ctd width=\"85\"\u003e\n\u003cp\u003e\u003cstrong\u003eEnergie\u003c\/strong\u003e\u003c\/p\u003e\n\u003c\/td\u003e\n\u003ctd width=\"104\"\u003e\n\u003cp\u003e189 kJ \/ 45 kcal\u003c\/p\u003e\n\u003c\/td\u003e\n\u003c\/tr\u003e\n\u003ctr\u003e\n\u003ctd width=\"85\"\u003e\n\u003cp\u003e\u003cstrong\u003eFett\u003c\/strong\u003e\u003c\/p\u003e\n\u003c\/td\u003e\n\u003ctd width=\"104\"\u003e\n\u003cp\u003e0 g\u003c\/p\u003e\n\u003c\/td\u003e\n\u003c\/tr\u003e\n\u003ctr\u003e\n\u003ctd width=\"85\"\u003e\n\u003cp\u003e\u003cem\u003e\u2219 davon ges\u00e4ttigte\u00a0Fetts\u00e4uren\u003c\/em\u003e\u003c\/p\u003e\n\u003c\/td\u003e\n\u003ctd width=\"104\"\u003e\n\u003cp\u003e0 g\u003c\/p\u003e\n\u003c\/td\u003e\n\u003c\/tr\u003e\n\u003ctr\u003e\n\u003ctd width=\"85\"\u003e\n\u003cp\u003e\u003cstrong\u003eKohlenhydrate\u003c\/strong\u003e\u003c\/p\u003e\n\u003c\/td\u003e\n\u003ctd width=\"57\"\u003e\n\u003cp\u003e11,27 g\u003c\/p\u003e\n\u003c\/td\u003e\n\u003c\/tr\u003e\n\u003ctr\u003e\n\u003ctd width=\"85\"\u003e\n\u003cp\u003e\u003cem\u003e\u2219 davon Zucker\u003c\/em\u003e\u003c\/p\u003e\n\u003c\/td\u003e\n\u003ctd width=\"57\"\u003e\n\u003cp\u003e10,99 g\u003c\/p\u003e\n\u003c\/td\u003e\n\u003c\/tr\u003e\n\u003ctr\u003e\n\u003ctd width=\"85\"\u003e\n\u003cp\u003e\u003cstrong\u003eEiwei\u00df\u003c\/strong\u003e\u003c\/p\u003e\n\u003c\/td\u003e\n\u003ctd width=\"57\"\u003e\n\u003cp\u003e0 g\u003c\/p\u003e\n\u003c\/td\u003e\n\u003c\/tr\u003e\n\u003ctr\u003e\n\u003ctd width=\"85\"\u003e\n\u003cp\u003e\u003cstrong\u003eSalz\u003c\/strong\u003e\u003c\/p\u003e\n\u003c\/td\u003e\n\u003ctd width=\"57\"\u003e\n\u003cp\u003e0,02 g\u003c\/p\u003e\n\u003c\/td\u003e\n\u003c\/tr\u003e\n\u003c\/tbody\u003e\n\u003c\/table\u003e\n\u003c\/div\u003e",
        "vendor":"SugarGang",
        "product_type":"",
        "created_at":"2023-05-10T09:11:58+02:00",
        "handle":"dr-pepper-strawberry-cream-355ml",
        "updated_at":"2023-05-12T00:25:22+02:00",
        "published_at":"2023-05-10T09:16:12+02:00",
        "template_suffix":"",
        "published_scope":"web",
        "tags":"__pfandtext, Amerika, Getr\u00e4nke, Neu",
        "variants":[{
            "id":44403484459273,
            "product_id":8228081729801,
            "title":"Default Title",
            "price":"2.49",
            "sku":"7637",
            "position":1,
            "compare_at_price":"",
            "fulfillment_service":"manual",
            "inventory_management":"shopify",
            "option1":"Default Title",
            "option2":null,
            "option3":null,
            "created_at":"2023-05-10T09:11:58+02:00",
            "updated_at":"2023-05-12T00:00:26+02:00",
            "taxable":true,
            "barcode":"078000037692",
            "grams":355,
            "image_id":null,
            "weight":355.0,
            "weight_unit":"g",
            "unit_price":"7.01",
            "unit_price_measurement":{
                "measured_type":"volume",
                "quantity_value":"355.0",
                "quantity_unit":"ml",
                "reference_value":1,
                "reference_unit":"l"
            },
            "requires_shipping":true,
            "quantity_rule":{
                "min":1,
                "max":null,
                "increment":1
            }
        }],
        "options":[{
            "id":10523986395401,
            "product_id":8228081729801,
            "name":"Title",
            "position":1,
            "values":["Default Title"]
        }],
        "images":[{
            "id":43744733757705,
            "product_id":8228081729801,
            "position":1,
            "created_at":"2023-05-10T09:14:49+02:00",
            "updated_at":"2023-05-10T09:14:51+02:00",
            "alt":null,
            "width":2560,
            "height":2560,
            "src":"https:\/\/cdn.shopify.com\/s\/files\/1\/0559\/5676\/6914\/files\/DrPepperStrawberryCreme.jpg?v=1683702891","variant_ids":[]
        }],
        "image":{
            "id":43744733757705,
            "product_id":8228081729801,
            "position":1,
            "created_at":"2023-05-10T09:14:49+02:00",
            "updated_at":"2023-05-10T09:14:51+02:00",
            "alt":null,
            "width":2560,
            "height":2560,
            "src":"https:\/\/cdn.shopify.com\/s\/files\/1\/0559\/5676\/6914\/files\/DrPepperStrawberryCreme.jpg?v=1683702891","variant_ids":[]
        }
    }
}

{"product":{"id":6954213966018,"title":"Takis Blue Heat 113,4g LIMITED","body_html":"\u003cp\u003eErlebe die explosive Sch\u00e4rfe und knusprige Crunch-Kombination, die du nur bei Takis findest! Diese Chips-Stangen werden deinen Gaumen begeistern, sodass du mit den Takis Blue Heat ein blaues Wunder erleben wirst!\u00a0\u00a0\u003c\/p\u003e\n\u003cp\u003eInhaltsstoffe:\u00a0Maismasamehl, Pflanzen\u00f6l (Palm- und\/oder Sojabohnen- und\/oder Raps- und\/oder Reiskleie\u00f6l), Gew\u00fcrze [maltodextrin, Zitronens\u00e4ure, Zucker, Kaliumchlorid, Salz, Mononatriumglutamat, Hydrolisiertes Sojabohnenprotein, nat\u00fcrliche und k\u00fcnstliche Aromen, Hydrolisierte Hefe, Sojabohnen\u00f6l, Zwiebelpulver, Blau 1, Natriumbicarbonat, Chilipfeffer (Chili), Dinatriuminosinat, Dinatriumguanylat, Tbhq (Antioxidans)].\u003c\/p\u003e","vendor":"SugarGang","product_type":"","created_at":"2021-08-31T01:32:10+02:00","handle":"takis-blue-heat-113-4g","updated_at":"2023-05-12T02:21:56+02:00","published_at":"2023-04-27T14:46:25+02:00","template_suffix":"","published_scope":"web","tags":"7prozent, Amerika, Chips \u0026 Snacks, Hot","variants":[{"id":40732556394690,"product_id":6954213966018,"title":"Default Title","price":"6.99","sku":"757528037468","position":1,"compare_at_price":"","fulfillment_service":"manual","inventory_management":"shopify","option1":"Default Title","option2":null,"option3":null,"created_at":"2021-08-31T01:32:10+02:00","updated_at":"2023-05-12T02:21:56+02:00","taxable":true,"barcode":"757528037468","grams":113,"image_id":30014149689538,"weight":113.0,"weight_unit":"g","unit_price":"61.86","unit_price_measurement":{"measured_type":"weight","quantity_value":"113.0","quantity_unit":"g","reference_value":1,"reference_unit":"kg"},"requires_shipping":true,"quantity_rule":{"min":1,"max":null,"increment":1}}],"options":[{"id":8971554226370,"product_id":6954213966018,"name":"Title","position":1,"values":["Default Title"]}],"images":[{"id":30014149689538,"product_id":6954213966018,"position":1,"created_at":"2021-08-31T01:32:15+02:00","updated_at":"2023-03-20T17:00:34+01:00","alt":null,"width":600,"height":600,"src":"https:\/\/cdn.shopify.com\/s\/files\/1\/0559\/5676\/6914\/products\/Takis-Blue-Heat-113-4g.jpg?v=1679328034","variant_ids":[40732556394690]}],"image":{"id":30014149689538,"product_id":6954213966018,"position":1,"created_at":"2021-08-31T01:32:15+02:00","updated_at":"2023-03-20T17:00:34+01:00","alt":null,"width":600,"height":600,"src":"https:\/\/cdn.shopify.com\/s\/files\/1\/0559\/5676\/6914\/products\/Takis-Blue-Heat-113-4g.jpg?v=1679328034","variant_ids":[40732556394690]}}}
{"product":{"id":6837530001602,"title":"Takis Fuego Mexiko 113,4g","body_html":"\u003cp\u003eDiese gerollten Chips-Stangen werden euch geschmacklich umhauen! Mit den Takis Fuego kommt Ihr ins Schwitzen, denn durch die Kombination einer Chili-Gew\u00fcrzmischung und einer leckeren Limetten-Note, bringen euch diese Leckerbissen nicht nur eine fantastische Sch\u00e4rfe, sondern auch einen einzigartigen Geschmack. Also traut euch und probiert diesen mexikanischen Klassiker einfach!\u003c\/p\u003e\n\u003cp\u003e\u003cspan style=\"color: rgb(33, 43, 54); font-family: -apple-system, system-ui, San Francisco, Segoe UI, Roboto, Helvetica Neue, sans-serif; font-size: 14px;\"\u003eInhaltsstoffe:\u00a0Wasser, Soja\u00f6l, Essig, Zucker, modifizierte Lebensmittelst\u00e4rke, Gurken, Maissirup mit hohem Fruchtzuckergehalt, enth\u00e4lt weniger als 2%: Getrocknete Zwiebeln, Salz, Eier, getrockneter Knoblauch, Xanthangummi, Gew\u00fcrze, Kaliumsorbat und Kalziumdinatriumedta Konservierungsmittel, getrocknete Petersilie, nat\u00fcrliche Aromen, Paprika (Farbe).\u003c\/span\u003e\u003c\/p\u003e","vendor":"SugarGang","product_type":"","created_at":"2021-07-09T01:35:27+02:00","handle":"takis-fuego-mexiko-113-4g","updated_at":"2023-05-12T03:39:00+02:00","published_at":"2023-04-21T17:46:14+02:00","template_suffix":"","published_scope":"web","tags":"7prozent, Amerika, Chips \u0026 Snacks","variants":[{"id":40382360813762,"product_id":6837530001602,"title":"Default","price":"5.99","sku":"757528008796","position":1,"compare_at_price":"","fulfillment_service":"manual","inventory_management":"shopify","option1":"Default","option2":null,"option3":null,"created_at":"2021-07-09T01:35:28+02:00","updated_at":"2023-05-12T03:39:00+02:00","taxable":true,"barcode":"757528008796","grams":113,"image_id":29402664206530,"weight":113.0,"weight_unit":"g","unit_price":"53.01","unit_price_measurement":{"measured_type":"weight","quantity_value":"113.0","quantity_unit":"g","reference_value":1,"reference_unit":"kg"},"requires_shipping":true,"quantity_rule":{"min":1,"max":null,"increment":1}}],"options":[{"id":8816380084418,"product_id":6837530001602,"name":"Title","position":1,"values":["Default"]}],"images":[{"id":29402664206530,"product_id":6837530001602,"position":1,"created_at":"2021-07-09T01:35:31+02:00","updated_at":"2023-03-20T16:58:19+01:00","alt":null,"width":600,"height":600,"src":"https:\/\/cdn.shopify.com\/s\/files\/1\/0559\/5676\/6914\/products\/Unknown_b1405ca7-a0c5-429e-9108-19cd8b68c258.jpg?v=1679327899","variant_ids":[40382360813762]}],"image":{"id":29402664206530,"product_id":6837530001602,"position":1,"created_at":"2021-07-09T01:35:31+02:00","updated_at":"2023-03-20T16:58:19+01:00","alt":null,"width":600,"height":600,"src":"https:\/\/cdn.shopify.com\/s\/files\/1\/0559\/5676\/6914\/products\/Unknown_b1405ca7-a0c5-429e-9108-19cd8b68c258.jpg?v=1679327899","variant_ids":[40382360813762]}}}
{"product":{"id":8007071662345,"title":"Mexican Coca Cola 355ml","body_html":"\u003cp\u003eZutaten:\u00a0Kohlens\u00e4urehaltiges Wasser, Zucker, Karamellfarbe, Phosphors\u00e4ure, nat\u00fcrliche Aromen, Koffein.\u003c\/p\u003e","vendor":"SugarGang","product_type":"","created_at":"2022-09-16T02:31:58+02:00","handle":"mexican-coca-cola-355ml","updated_at":"2023-05-12T05:06:30+02:00","published_at":"2023-04-21T17:33:54+02:00","template_suffix":"","published_scope":"web","tags":"19prozent, Amerika, Getr\u00e4nke","variants":[{"id":43662532509961,"product_id":8007071662345,"title":"Default","price":"2.99","sku":"049000004632","position":1,"compare_at_price":"3.99","fulfillment_service":"manual","inventory_management":"shopify","option1":"Default","option2":null,"option3":null,"created_at":"2022-09-16T02:31:58+02:00","updated_at":"2023-05-12T05:06:30+02:00","taxable":true,"barcode":"049000004632","grams":355,"image_id":40998364512521,"weight":355.0,"weight_unit":"g","unit_price":"8.42","unit_price_measurement":{"measured_type":"volume","quantity_value":"355.0","quantity_unit":"ml","reference_value":1,"reference_unit":"l"},"requires_shipping":true,"quantity_rule":{"min":1,"max":null,"increment":1}}],"options":[{"id":10257131831561,"product_id":8007071662345,"name":"Verkaufseinheit","position":1,"values":["Default"]}],"images":[{"id":40998364512521,"product_id":8007071662345,"position":1,"created_at":"2022-09-16T02:32:03+02:00","updated_at":"2023-03-20T13:21:30+01:00","alt":null,"width":2560,"height":2560,"src":"https:\/\/cdn.shopify.com\/s\/files\/1\/0559\/5676\/6914\/products\/MexicanCocaCola.jpg?v=1679314890","variant_ids":[43662532509961]}],"image":{"id":40998364512521,"product_id":8007071662345,"position":1,"created_at":"2022-09-16T02:32:03+02:00","updated_at":"2023-03-20T13:21:30+01:00","alt":null,"width":2560,"height":2560,"src":"https:\/\/cdn.shopify.com\/s\/files\/1\/0559\/5676\/6914\/products\/MexicanCocaCola.jpg?v=1679314890","variant_ids":[43662532509961]}}}
{"product":{"id":6629173756098,"title":"Takis Xtra Hot 90g","body_html":"\u003cp\u003e\u003cspan\u003eDiese gerollten Chips-Stangen werden euch geschmacklich umhauen! Mit den Takis Xtra Hot kommt Ihr ins Schwitzen, denn die Chiligew\u00fcrzmischung dieser Leckerbissen schmeckt nicht nur k\u00f6stlich, sie ist auch feurig-scharf. Also traut euch und probiert diesen mexikanischen Klassiker einfach! \u003c\/span\u003e\u003c\/p\u003e\n\u003cp\u003e\u00a0\u003c\/p\u003e\n\u003cp\u003eInhaltsstoffe:\u00a0\u003cmeta charset=\"UTF-8\"\u003e\u003cspan data-mce-fragment=\"1\"\u003eMaismasamehl (verarbeitet mit Limette), Pflanzen\u00f6l (Palm- und \/ oder Soja- und \/ oder Raps\u00f6l und \/ oder Reiskleie\u00f6l), Gew\u00fcrze (Salz, Maltodextrin, Zitronens\u00e4ure, Zucker, Mononatriumglutamat, hydrolysiertes Sojaprotein, Zwiebelpulver) , Hefeextrakt, k\u00fcnstliche Farbe (Red 40 Lake, Yellow 6 Lake), nat\u00fcrliche und k\u00fcnstliche Aromen, Backpulver, Soja\u00f6l, Chili Pepper (Chile), Dinatriuminosinat, Dinatriumguanylat, TBHQ (Antioxidans).\u00a0\u003c\/span\u003e\u003c\/p\u003e","vendor":"SugarDad","product_type":"Takis","created_at":"2021-04-06T16:50:57+02:00","handle":"takis-xtra-hot-90g","updated_at":"2023-05-12T02:45:05+02:00","published_at":"2023-04-06T17:07:34+02:00","template_suffix":"","published_scope":"web","tags":"7prozent, Amerika, Chips \u0026 Snacks, Hot","variants":[{"id":39636927643842,"product_id":6629173756098,"title":"Default Title","price":"3.99","sku":"8412600028629","position":1,"compare_at_price":"","fulfillment_service":"manual","inventory_management":"shopify","option1":"Default Title","option2":null,"option3":null,"created_at":"2021-04-06T16:50:57+02:00","updated_at":"2023-05-12T02:41:25+02:00","taxable":true,"barcode":"8412600028629","grams":90,"image_id":null,"weight":90.0,"weight_unit":"g","unit_price":"44.33","unit_price_measurement":{"measured_type":"weight","quantity_value":"90.0","quantity_unit":"g","reference_value":1,"reference_unit":"kg"},"requires_shipping":true,"quantity_rule":{"min":1,"max":null,"increment":1}}],"options":[{"id":8524548210882,"product_id":6629173756098,"name":"Title","position":1,"values":["Default Title"]}],"images":[{"id":42836530888969,"product_id":6629173756098,"position":1,"created_at":"2023-02-14T12:35:11+01:00","updated_at":"2023-03-20T16:33:12+01:00","alt":null,"width":2560,"height":2560,"src":"https:\/\/cdn.shopify.com\/s\/files\/1\/0559\/5676\/6914\/products\/TakisXtraHot.jpg?v=1679326392","variant_ids":[]}],"image":{"id":42836530888969,"product_id":6629173756098,"position":1,"created_at":"2023-02-14T12:35:11+01:00","updated_at":"2023-03-20T16:33:12+01:00","alt":null,"width":2560,"height":2560,"src":"https:\/\/cdn.shopify.com\/s\/files\/1\/0559\/5676\/6914\/products\/TakisXtraHot.jpg?v=1679326392","variant_ids":[]}}}
{"product":{"id":7995197554953,"title":"Watermelon Stripes 53g","body_html":"\u003cp\u003eDie Sugargang hat nur f\u00fcr euch die leckersten, l\u00e4ngsten und sauersten Wassermelonen Fruchtschlangen entwickelt. So geschmacksintensiv und sauer, dass ihr diesen Geschmack nicht vergessen werdet und nach dem Naschen die Finger lecken m\u00fcsst. Denn unsere rot-gr\u00fcnen Wassermelonen Stripes sind so exklusiv, dass ihr sie nirgendwo anders herbekommt als bei uns.\u003c\/p\u003e","vendor":"SugarGang","product_type":"","created_at":"2022-08-07T17:52:37+02:00","handle":"watermelon-stripes-53g","updated_at":"2023-05-11T22:45:29+02:00","published_at":"2023-04-21T17:34:46+02:00","template_suffix":"","published_scope":"web","tags":"7prozent, Fruchtgummi, Lokal, Merch","variants":[{"id":43618319139081,"product_id":7995197554953,"title":"Default","price":"1.49","sku":"07082022","position":1,"compare_at_price":"","fulfillment_service":"manual","inventory_management":"shopify","option1":"Default","option2":null,"option3":null,"created_at":"2022-08-07T17:52:38+02:00","updated_at":"2023-05-11T22:21:36+02:00","taxable":true,"barcode":"4260517182248","grams":53,"image_id":null,"weight":53.0,"weight_unit":"g","unit_price":"28.11","unit_price_measurement":{"measured_type":"weight","quantity_value":"53.0","quantity_unit":"g","reference_value":1,"reference_unit":"kg"},"requires_shipping":true,"quantity_rule":{"min":1,"max":null,"increment":1}}],"options":[{"id":10241677754633,"product_id":7995197554953,"name":"Title","position":1,"values":["Default"]}],"images":[{"id":40936150270217,"product_id":7995197554953,"position":1,"created_at":"2022-09-08T07:36:22+02:00","updated_at":"2023-03-20T17:31:24+01:00","alt":null,"width":1200,"height":1200,"src":"https:\/\/cdn.shopify.com\/s\/files\/1\/0559\/5676\/6914\/products\/MockUp-Watermelon-Stripes_f3195ef2-567a-4db3-a019-03c6cf274251.jpg?v=1679329884","variant_ids":[]},{"id":40693167980809,"product_id":7995197554953,"position":2,"created_at":"2022-08-07T19:32:41+02:00","updated_at":"2023-03-20T17:31:24+01:00","alt":null,"width":1200,"height":1600,"src":"https:\/\/cdn.shopify.com\/s\/files\/1\/0559\/5676\/6914\/products\/WatermelonStripes-ad_938adb73-8fae-487c-8fef-56e42ed94cb9.jpg?v=1679329884","variant_ids":[]}],"image":{"id":40936150270217,"product_id":7995197554953,"position":1,"created_at":"2022-09-08T07:36:22+02:00","updated_at":"2023-03-20T17:31:24+01:00","alt":null,"width":1200,"height":1200,"src":"https:\/\/cdn.shopify.com\/s\/files\/1\/0559\/5676\/6914\/products\/MockUp-Watermelon-Stripes_f3195ef2-567a-4db3-a019-03c6cf274251.jpg?v=1679329884","variant_ids":[]}}}
{"product":{"id":6629280710850,"title":"Ch\u00e4titos Flamin Hot Crunchy 226,8g","body_html":"\u003cp\u003eDie Ch\u00e4titos Flamin Hot Crunchy aus den USA sind nichts f\u00fcr schwache Nerven! Die knusprigen Crunchys sind genau das Richtige f\u00fcr Alle die es scharf m\u00f6gen. Mit ihrem scharfen Geschmack werden sie dich garantiert sofort in ihren Bann ziehen und lassen dir keine Chance, die T\u00fcte wieder aus der Hand zu legen!\u003c\/p\u003e\n\u003cp\u003e\u00a0\u003c\/p\u003e\n\u003cp\u003eInhaltsstoffe:\u00a0Angereichertes Maismehl (Maismehl, Eisensulfat, Niacin, Thiaminmononitrat, Riboflavin, Fols\u00e4ure), Pflanzen\u00f6l (Mais-, Raps- und \/ oder Sonnenblumen\u00f6l), Flammend hei\u00df W\u00fcrze (aus Mais), Salz, Zucker, Mononatriumglutamat, Hefeextrakt, Zitronens Farbe [E129, E102, E110], Sonnenblumen\u00f6l, Cheddark\u00e4se [Milch, K\u00e4sekulturen, Salz, Enzym], Zwiebelpulver, Molke, Molkeproteinkonzentrat, Knoblauchpulver, Verst\u00e4ndnisliches Aroma, Buttermilch, Natriumdiacetat, Dinatriuminosinat, Dinatriumguanylat) und Salz.\u003c\/p\u003e","vendor":"SugarDad","product_type":"","created_at":"2021-04-06T17:46:08+02:00","handle":"chaetitos-flamin-hot-crunchy-2268g","updated_at":"2023-05-12T03:45:05+02:00","published_at":"2023-04-21T17:47:56+02:00","template_suffix":"","published_scope":"web","tags":"7prozent, Amerika, cheetos, Chips \u0026 Snacks, Hot","variants":[{"id":39637215772866,"product_id":6629280710850,"title":"Default Title","price":"9.99","sku":"028400069601","position":1,"compare_at_price":"","fulfillment_service":"manual","inventory_management":"shopify","option1":"Default Title","option2":null,"option3":null,"created_at":"2021-04-06T17:46:08+02:00","updated_at":"2023-05-12T03:39:06+02:00","taxable":true,"barcode":"028400069601","grams":226,"image_id":32462198997186,"weight":226.0,"weight_unit":"g","unit_price":"44.20","unit_price_measurement":{"measured_type":"weight","quantity_value":"226.0","quantity_unit":"g","reference_value":1,"reference_unit":"kg"},"requires_shipping":true,"quantity_rule":{"min":1,"max":null,"increment":1}}],"options":[{"id":8524675743938,"product_id":6629280710850,"name":"Title","position":1,"values":["Default Title"]}],"images":[{"id":32462198997186,"product_id":6629280710850,"position":1,"created_at":"2022-03-07T13:38:24+01:00","updated_at":"2023-03-20T16:05:06+01:00","alt":null,"width":472,"height":472,"src":"https:\/\/cdn.shopify.com\/s\/files\/1\/0559\/5676\/6914\/products\/Cha--titos-Flamin-Hot-Crunchy-226-8g.jpg?v=1679324706","variant_ids":[39637215772866]},{"id":32461941047490,"product_id":6629280710850,"position":2,"created_at":"2022-03-07T12:51:55+01:00","updated_at":"2022-03-07T12:51:56+01:00","alt":null,"width":472,"height":472,"src":"https:\/\/cdn.shopify.com\/s\/files\/1\/0559\/5676\/6914\/products\/ChatitosFlaminHotCrunchy226_8g.jpg?v=1646653916","variant_ids":[]}],"image":{"id":32462198997186,"product_id":6629280710850,"position":1,"created_at":"2022-03-07T13:38:24+01:00","updated_at":"2023-03-20T16:05:06+01:00","alt":null,"width":472,"height":472,"src":"https:\/\/cdn.shopify.com\/s\/files\/1\/0559\/5676\/6914\/products\/Cha--titos-Flamin-Hot-Crunchy-226-8g.jpg?v=1679324706","variant_ids":[39637215772866]}}}
{"product":{"id":6629201543362,"title":"Ch\u00e4titos Crunchy Cheese 226g","body_html":"\u003cp\u003eGenie\u00dfe die unglaublich beliebten Ch\u00e4titos Crunchy Cheese Chips und erlebe die\u00a0originalen\u00a0amerikanischen Chips und\u00a0ihre knusprige Textur, die\u00a0dir garantiert\u00a0gefallen wird. Verpasse nicht die Chance, dieses leckere Geschmackserlebnis zu genie\u00dfen!\u003c\/p\u003e\n\u003cp\u003eInhaltsstoffe:\u00a0Angereichertes Maismehl (Maismehl, Eisensulfat, Niacin, Thiaminmononitrat, Riboflavin, Fols\u00e4ure), Pflanzen\u00f6l (Mais\u00f6l, Raps\u00f6l und\/oder Sonnenblumen\u00f6l), K\u00e4segew\u00fcrze (Molke, Cheddark\u00e4se (Milch, K\u00e4sekulturen, Gerichte) ) Salz, Enzyme), Raps\u00f6l, Maismaltodextrin, nat\u00fcrliche und k\u00fcnstliche Aromen, Speisesalz, Molkenproteinkonzentrat, Natrium-L-Glutamat, Milchs\u00e4ure, Zitronens\u00e4ure, k\u00fcnstlicher Farbstoff (SY gelb), Speisesalz. SY Gelb kann die Aktivit\u00e4t und Aufmerksamkeit von Kindern beeintr\u00e4chtigen.\u00a0\u003c\/p\u003e","vendor":"SugarDad","product_type":"","created_at":"2021-04-06T17:07:01+02:00","handle":"chaetitos-crunchy-226g","updated_at":"2023-05-12T03:45:07+02:00","published_at":"2023-04-21T17:52:18+02:00","template_suffix":"","published_scope":"web","tags":"7prozent, Amerika, cheetos, Chips \u0026 Snacks","variants":[{"id":39637013561538,"product_id":6629201543362,"title":"Default Title","price":"7.99","sku":"028400017244","position":1,"compare_at_price":"","fulfillment_service":"manual","inventory_management":"shopify","option1":"Default Title","option2":null,"option3":null,"created_at":"2021-04-06T17:07:02+02:00","updated_at":"2023-05-12T03:39:06+02:00","taxable":true,"barcode":"028400017244","grams":226,"image_id":32462198374594,"weight":226.0,"weight_unit":"g","unit_price":"35.35","unit_price_measurement":{"measured_type":"weight","quantity_value":"226.0","quantity_unit":"g","reference_value":1,"reference_unit":"kg"},"requires_shipping":true,"quantity_rule":{"min":1,"max":null,"increment":1}}],"options":[{"id":8524582453442,"product_id":6629201543362,"name":"Title","position":1,"values":["Default Title"]}],"images":[{"id":32462198374594,"product_id":6629201543362,"position":1,"created_at":"2022-03-07T13:38:17+01:00","updated_at":"2023-03-20T16:04:57+01:00","alt":null,"width":472,"height":472,"src":"https:\/\/cdn.shopify.com\/s\/files\/1\/0559\/5676\/6914\/products\/Cha--titos-Crunchy-Cheese-226g.jpg?v=1679324697","variant_ids":[39637013561538]}],"image":{"id":32462198374594,"product_id":6629201543362,"position":1,"created_at":"2022-03-07T13:38:17+01:00","updated_at":"2023-03-20T16:04:57+01:00","alt":null,"width":472,"height":472,"src":"https:\/\/cdn.shopify.com\/s\/files\/1\/0559\/5676\/6914\/products\/Cha--titos-Crunchy-Cheese-226g.jpg?v=1679324697","variant_ids":[39637013561538]}}}
{"product":{"id":6629265932482,"title":"Calypso Ocean Blue Lemonade 473ml","body_html":"\u003cp\u003eErfrischender Blaubeer-Zitronengeschmack sind dir mit der Calypso Ocean Blue Lemonade garantiert. Ein absoluter Sommerhit und Klassiker der Marke Calypso aus den USA versorgt dich mit der optimalen Erfrischung von \u00dcbersee!\u003c\/p\u003e\n\u003cp\u003eInhaltsstoffe: Gefiltertes Wasser, Zucker, Zitronensaft aus Konzentrat, Zitronens\u00e4ure, Zitronenfruchtpulpe, nat\u00fcrliches Aroma, modifizierte Lebensmittelst\u00e4rke, Beta-Carotin, EDTA zum Schutz der Farbe.\u003c\/p\u003e","vendor":"SugarDad","product_type":"Calypso","created_at":"2021-04-06T17:42:02+02:00","handle":"calypso-ocean-blue-lemonade-473ml","updated_at":"2023-05-12T04:53:00+02:00","published_at":"2023-04-21T17:48:27+02:00","template_suffix":"","published_scope":"web","tags":"19prozent, __pfandtext, __pfandtext3, Amerika, Getr\u00e4nke, Halal","variants":[{"id":39637191065794,"product_id":6629265932482,"title":"Default","price":"3.49","sku":"079581184010","position":1,"compare_at_price":"","fulfillment_service":"manual","inventory_management":"shopify","option1":"Default","option2":null,"option3":null,"created_at":"2021-04-06T17:42:02+02:00","updated_at":"2023-05-12T04:53:00+02:00","taxable":true,"barcode":"079581184010","grams":500,"image_id":28322547925186,"weight":500.0,"weight_unit":"g","unit_price":"7.38","unit_price_measurement":{"measured_type":"volume","quantity_value":"473.0","quantity_unit":"ml","reference_value":1,"reference_unit":"l"},"requires_shipping":true,"quantity_rule":{"min":1,"max":null,"increment":1}}],"options":[{"id":8524660244674,"product_id":6629265932482,"name":"Title","position":1,"values":["Default"]}],"images":[{"id":28322547925186,"product_id":6629265932482,"position":1,"created_at":"2021-04-06T17:42:02+02:00","updated_at":"2023-03-20T13:01:20+01:00","alt":"amerikanische Getr\u00e4nke, Getr\u00e4nke aus aller Welt, amerikanische Drinks, Drinks aus aller Welt, Calypso Lemonades, amerikanische Limonaden, Calypso Ocean Blue Lemonade","width":600,"height":600,"src":"https:\/\/cdn.shopify.com\/s\/files\/1\/0559\/5676\/6914\/products\/fgtg-2.jpg?v=1679313680","variant_ids":[39637191065794]}],"image":{"id":28322547925186,"product_id":6629265932482,"position":1,"created_at":"2021-04-06T17:42:02+02:00","updated_at":"2023-03-20T13:01:20+01:00","alt":"amerikanische Getr\u00e4nke, Getr\u00e4nke aus aller Welt, amerikanische Drinks, Drinks aus aller Welt, Calypso Lemonades, amerikanische Limonaden, Calypso Ocean Blue Lemonade","width":600,"height":600,"src":"https:\/\/cdn.shopify.com\/s\/files\/1\/0559\/5676\/6914\/products\/fgtg-2.jpg?v=1679313680","variant_ids":[39637191065794]}}}
{"product":{"id":6629223825602,"title":"Warheads Sour Candy 4g 1 St\u00fcck","body_html":"\u003cp\u003e\u003cspan\u003eIhr seid ein Fan von sauren S\u00fc\u00dfigkeiten? Dann kommt Ihr um die Warheads Sour Candy aus den USA nicht herum. In den Warheads typischen Geschmacksrichtungen: Wassermelone, blaue Himbeere, Zitrone, Schwarzkirsche und gr\u00fcnem Apfel hauen euch diese superfruchtigen Bonbons einfach um. \u003c\/span\u003e\u003cspan\u003e\u00dcberzeugt euch selbst!\u003c\/span\u003e\u003c\/p\u003e\n\u003cp\u003e\u00a0\u003c\/p\u003e\n\u003cp\u003eInhaltsstoffe: Maissirup, Zucker, mikroverkapselte \u00c4pfels\u00e4ure (\u00c4pfels\u00e4ure, hydriertes Palm\u00f6l), Zitronens\u00e4ure, Gummiakazie, Sojabohnen\u00f6l (Verarbeitungshilfsstoff), Ascorbins\u00e4ure (Vitamin C), k\u00fcnstliche Aromen, \u00dcberzugsmittel (E903), Maisst\u00e4rke, Farbstoffe (E133, E129, E102). Enth\u00e4lt GMO.\u003c\/p\u003e","vendor":"SugarDad","product_type":"Warheads","created_at":"2021-04-06T17:19:31+02:00","handle":"warheads-sour-candy-4g-1-stueck","updated_at":"2023-05-12T03:05:07+02:00","published_at":"2023-04-21T17:50:47+02:00","template_suffix":"","published_scope":"web","tags":"7prozent, Amerika, Candy, Halal, Sour, Vegan","variants":[{"id":39637085618370,"product_id":6629223825602,"title":"Default","price":"0.29","sku":"1234567891011","position":1,"compare_at_price":"","fulfillment_service":"manual","inventory_management":"shopify","option1":"Default","option2":null,"option3":null,"created_at":"2021-04-06T17:19:31+02:00","updated_at":"2023-05-12T02:41:25+02:00","taxable":true,"barcode":"1234567891011","grams":4,"image_id":28322352660674,"weight":4.0,"weight_unit":"g","unit_price":"72.50","unit_price_measurement":{"measured_type":"weight","quantity_value":"4.0","quantity_unit":"g","reference_value":1,"reference_unit":"kg"},"requires_shipping":true,"quantity_rule":{"min":1,"max":null,"increment":1}}],"options":[{"id":8524610797762,"product_id":6629223825602,"name":"Title","position":1,"values":["Default"]}],"images":[{"id":28322352660674,"product_id":6629223825602,"position":1,"created_at":"2021-04-06T17:19:31+02:00","updated_at":"2023-03-20T16:34:47+01:00","alt":"S\u00fc\u00dfigkeiten aus aller Welt, amerikanische S\u00fc\u00dfigkeiten, S\u00fc\u00dfigkeiten bestellen, Sweets online, internationale S\u00fc\u00dfigkeiten, American Candy, American Sweets, Warheads Sour Candy 4g","width":600,"height":600,"src":"https:\/\/cdn.shopify.com\/s\/files\/1\/0559\/5676\/6914\/products\/fb-2.jpg?v=1679326487","variant_ids":[39637085618370]}],"image":{"id":28322352660674,"product_id":6629223825602,"position":1,"created_at":"2021-04-06T17:19:31+02:00","updated_at":"2023-03-20T16:34:47+01:00","alt":"S\u00fc\u00dfigkeiten aus aller Welt, amerikanische S\u00fc\u00dfigkeiten, S\u00fc\u00dfigkeiten bestellen, Sweets online, internationale S\u00fc\u00dfigkeiten, American Candy, American Sweets, Warheads Sour Candy 4g","width":600,"height":600,"src":"https:\/\/cdn.shopify.com\/s\/files\/1\/0559\/5676\/6914\/products\/fb-2.jpg?v=1679326487","variant_ids":[39637085618370]}}}
{"product":{"id":8032311476489,"title":"Beny Churros 10g","body_html":"\u003cp\u003eGenie\u00dfe die s\u00fc\u00dfen Beny Churros! Diese mexikanischen Leckereien beeindrucken mit\u00a0einzigartigem Marshmallow und Zimtgeschmack. Verfeinere dein Dessert mit dem Churro-Look und erfreue dich an einem wahrhaft exotischen Geschmackserlebnis!\u003c\/p\u003e","vendor":"SugarGang","product_type":"","created_at":"2022-11-25T01:24:42+01:00","handle":"beny-churros-10g","updated_at":"2023-05-12T04:52:56+02:00","published_at":"2023-04-21T17:31:58+02:00","template_suffix":"","published_scope":"web","tags":"7prozent, Amerika, Candy","variants":[{"id":43748764647689,"product_id":8032311476489,"title":"Default Title","price":"0.99","sku":"7226","position":1,"compare_at_price":"","fulfillment_service":"manual","inventory_management":"shopify","option1":"Default Title","option2":null,"option3":null,"created_at":"2022-11-25T01:24:43+01:00","updated_at":"2023-05-12T04:52:56+02:00","taxable":true,"barcode":"732748019050","grams":10,"image_id":null,"weight":10.0,"weight_unit":"g","unit_price":"99.00","unit_price_measurement":{"measured_type":"weight","quantity_value":"10.0","quantity_unit":"g","reference_value":1,"reference_unit":"kg"},"requires_shipping":true,"quantity_rule":{"min":1,"max":null,"increment":1}}],"options":[{"id":10288632267017,"product_id":8032311476489,"name":"Title","position":1,"values":["Default Title"]}],"images":[{"id":41781522858249,"product_id":8032311476489,"position":1,"created_at":"2022-12-06T10:50:51+01:00","updated_at":"2023-03-20T17:36:55+01:00","alt":null,"width":1000,"height":1000,"src":"https:\/\/cdn.shopify.com\/s\/files\/1\/0559\/5676\/6914\/products\/Beny-Churros.jpg?v=1679330215","variant_ids":[]}],"image":{"id":41781522858249,"product_id":8032311476489,"position":1,"created_at":"2022-12-06T10:50:51+01:00","updated_at":"2023-03-20T17:36:55+01:00","alt":null,"width":1000,"height":1000,"src":"https:\/\/cdn.shopify.com\/s\/files\/1\/0559\/5676\/6914\/products\/Beny-Churros.jpg?v=1679330215","variant_ids":[]}}}
{"product":{"id":7210879451330,"title":"Oreo Cake Choco 24g","body_html":"\u003cp\u003eErlebe den\u00a0unglaublichen Oreo-Genuss mit diesem weich-fluffigen K\u00fcchlein mit k\u00f6stlichem Schokoladen\u00fcberzug! Ein super-leckeres Teilchen, das dich garantiert \u00fcberrascht. Choco Cake\u00a0 - was f\u00fcr ein Gaumenschmaus!\u003c\/p\u003e\n\u003cp\u003eInhaltsstoffe:\u00a0Zucker, Weizenmehl, teilweise geh\u00e4rtete und ungeh\u00e4rtete pflanzliche \u00d6le (Soja\u00f6l, Palm\u00f6l), Ei, Glukosesirup, Feuchthaltemittel pflanzlicher Herkunft (Glycerin), Kakaopulver, Magermilchpulver (von der Kuh), Backpulver (Dinatriumdiphosphat, Natriumhydrogencarbonat), S\u00e4ureregulatoren (e330, e262, e260), Emulgator aus pflanzlicher Quelle (e477, e471, e322), Salz, k\u00fcnstliche Aromen (Vanille, Vanillin) und Konservierungsmittel (e202 0. 1%).\u003c\/p\u003e\n\u003cp\u003e\u00a0\u003c\/p\u003e","vendor":"SugarGang","product_type":"","created_at":"2022-01-21T01:25:34+01:00","handle":"oreo-cake-choco-24g","updated_at":"2023-05-12T04:53:00+02:00","published_at":"2023-04-21T17:39:47+02:00","template_suffix":"","published_scope":"web","tags":"7prozent, Europa, Schokolade","variants":[{"id":41518989082818,"product_id":7210879451330,"title":"Default Title","price":"1.49","sku":"7622210785114","position":1,"compare_at_price":"","fulfillment_service":"manual","inventory_management":"shopify","option1":"Default Title","option2":null,"option3":null,"created_at":"2022-01-21T01:25:34+01:00","updated_at":"2023-05-12T04:53:00+02:00","taxable":true,"barcode":"7622210785114","grams":24,"image_id":31923586400450,"weight":24.0,"weight_unit":"g","unit_price":"62.08","unit_price_measurement":{"measured_type":"weight","quantity_value":"24.0","quantity_unit":"g","reference_value":1,"reference_unit":"kg"},"requires_shipping":true,"quantity_rule":{"min":1,"max":null,"increment":1}}],"options":[{"id":9298207637698,"product_id":7210879451330,"name":"Title","position":1,"values":["Default Title"]}],"images":[{"id":31923586400450,"product_id":7210879451330,"position":1,"created_at":"2022-01-21T01:25:38+01:00","updated_at":"2023-03-20T17:18:35+01:00","alt":null,"width":472,"height":472,"src":"https:\/\/cdn.shopify.com\/s\/files\/1\/0559\/5676\/6914\/products\/Oreo-Cake-Choco-24g.jpg?v=1679329115","variant_ids":[41518989082818]}],"image":{"id":31923586400450,"product_id":7210879451330,"position":1,"created_at":"2022-01-21T01:25:38+01:00","updated_at":"2023-03-20T17:18:35+01:00","alt":null,"width":472,"height":472,"src":"https:\/\/cdn.shopify.com\/s\/files\/1\/0559\/5676\/6914\/products\/Oreo-Cake-Choco-24g.jpg?v=1679329115","variant_ids":[41518989082818]}}}
{"product":{"id":6629217566914,"title":"Hostess Twinkies 10er Pack 385g","body_html":"\u003cp\u003e\u003cspan\u003eFluffiger Teig in Kombination mit einer cremigen F\u00fcllung, so etwas bekommt ihr nur mit den Hostess Twinkies aus den USA. Das amerikanische Geb\u00e4ck, \u00fcberzeugt mit der cremigen F\u00fcllung, die Hostess Twinkies zu einem perfekten Snack f\u00fcr wirklich jeden Anlass macht, den ihr unbedingt probieren m\u00fcsst. Denn nicht umsonst z\u00e4hlt Hostess in allen Superm\u00e4rkten der USA zu den Bestsellern! \u003c\/span\u003e\u003c\/p\u003e\n\u003cp\u003e\u00a0\u003c\/p\u003e\n\u003cp\u003eInhaltsstoffe:\u00a0angereichertes gebleichtes WEIZENMEHL [MEHL, red. Eisen, B-Vitamine,(Niacin, Thiaminmononitrat B1, Riboflavin B2, Fols\u00e4ure)], Wasser, Zucker, Glukosesirup, Fruktose-Glukosesirup, teilweise geh\u00e4rtetes Pflanzen\u00f6l und\/oder tierisches Fett (SOJABOHNEN, Baumwollsamen- und\/oder Raps\u00f6l, Rinderfett), ganze EIER, Dextrose, enth\u00e4lt (2%) oder weniger von Emulgator (SOJALECITHIN, Backtriebmittel (E450a, Backpulver, Maisst\u00e4rke, S\u00e4ureregulator (E341), modifizierte Maisst\u00e4rke, Glukose, MOLKE, Feuchthaltemittel (E422), SOJABOHNEN\u00d6L, Salz, Emulgator (E471, E435), Maisst\u00e4rke, Emulgator (E481), nat\u00fcrliche und k\u00fcnstliche Aromen, Konservierungsmittel (E200, E202), Stabilisator (E415, E460), Enzyme, WEIZENMEHL, Farbstoffe (E102, E129*). * kann Aktivit\u00e4t und Aufmerksamkeit bei Kindern beeintr\u00e4chtigen Enth\u00e4lt WEIZEN, EIER, MILCH, und SOJA.\u003c\/p\u003e\n\u003cdiv class=\"a-section content\" data-mce-fragment=\"1\"\u003e\n\u003cp data-mce-fragment=\"1\"\u003e\u00a0\u003cbr data-mce-fragment=\"1\"\u003e\u003c\/p\u003e\n\u003c\/div\u003e\n\u003cdiv class=\"a-section content\" data-mce-fragment=\"1\"\u003e\u003c\/div\u003e","vendor":"SugarDad","product_type":"Hostess","created_at":"2021-04-06T17:15:31+02:00","handle":"hostess-twinkies-385g","updated_at":"2023-05-11T23:58:50+02:00","published_at":"2023-04-21T17:51:14+02:00","template_suffix":"","published_scope":"web","tags":"7prozent, Amerika, Kekse \u0026 Kuchen","variants":[{"id":39637066154178,"product_id":6629217566914,"title":"Default","price":"9.99","sku":"888109110109","position":1,"compare_at_price":"","fulfillment_service":"manual","inventory_management":"shopify","option1":"Default","option2":null,"option3":null,"created_at":"2021-04-06T17:15:31+02:00","updated_at":"2023-05-11T23:58:50+02:00","taxable":true,"barcode":"888109110109","grams":385,"image_id":28322313961666,"weight":385.0,"weight_unit":"g","unit_price":"25.95","unit_price_measurement":{"measured_type":"weight","quantity_value":"385.0","quantity_unit":"g","reference_value":1,"reference_unit":"kg"},"requires_shipping":true,"quantity_rule":{"min":1,"max":null,"increment":1}}],"options":[{"id":8524603031746,"product_id":6629217566914,"name":"Title","position":1,"values":["Default"]}],"images":[{"id":28322313961666,"product_id":6629217566914,"position":1,"created_at":"2021-04-06T17:15:31+02:00","updated_at":"2023-03-20T16:17:00+01:00","alt":"S\u00fc\u00dfigkeiten aus aller Welt, amerikanische S\u00fc\u00dfigkeiten, S\u00fc\u00dfigkeiten bestellen, Sweets online, internationale S\u00fc\u00dfigkeiten, Kekse und Kuchen aus aller Welt, American Sweets, Hostess Twinkies","width":600,"height":600,"src":"https:\/\/cdn.shopify.com\/s\/files\/1\/0559\/5676\/6914\/products\/zg-7.jpg?v=1679325420","variant_ids":[39637066154178]}],"image":{"id":28322313961666,"product_id":6629217566914,"position":1,"created_at":"2021-04-06T17:15:31+02:00","updated_at":"2023-03-20T16:17:00+01:00","alt":"S\u00fc\u00dfigkeiten aus aller Welt, amerikanische S\u00fc\u00dfigkeiten, S\u00fc\u00dfigkeiten bestellen, Sweets online, internationale S\u00fc\u00dfigkeiten, Kekse und Kuchen aus aller Welt, American Sweets, Hostess Twinkies","width":600,"height":600,"src":"https:\/\/cdn.shopify.com\/s\/files\/1\/0559\/5676\/6914\/products\/zg-7.jpg?v=1679325420","variant_ids":[39637066154178]}}}
{"product":{"id":6629200036034,"title":"Keebler M\u0026M's Bite Size Cookies 45g","body_html":"\u003cp\u003eDie Keebler M\u0026amp;M's Bite Size Cookies sind die perfekte Kombination aus s\u00fc\u00df und salzig, mit einem schokoladigen Knusper. G\u00f6nn dir ein Geschmackserlebnis welches den klassischen Keksteig der Marke Keebler und die knusprig, cremigen Schokolinsen M\u0026amp;M\u2019s vereint!\u003c\/p\u003e\n\u003cp\u003eInhaltsstoffe: Angereichertes Mehl (Weizenmehl, Niacin, Reduziertes Eisen, Vitamin B1 [thiaminmononitrat], Vitamin B2 [riboflavin], Fols\u00e4ure), Zucker, Pflanzliches \u00d6l (Sojabohnen, Palmenkern Und Palmen\u00f6l) Alkali, Whey, Enth\u00e4lt 2% Oder Weniger Verlassen (Backen Von Soda, Natriums\u00e4urepyrophosphat, Monocalciumphosphat), Salz, Molassen, Soja-lecithin, Sorbitan-tristearat, Nat\u00fcrliches Und K\u00fcnstliches Geschmack.\u003c\/p\u003e","vendor":"SugarDad","product_type":"Keebler","created_at":"2021-04-06T17:05:54+02:00","handle":"keebler-mms-bite-size-45g","updated_at":"2023-05-12T02:41:25+02:00","published_at":"2023-04-21T17:52:26+02:00","template_suffix":"","published_scope":"web","tags":"7prozent, Amerika, Kekse \u0026 Kuchen","variants":[{"id":39637008974018,"product_id":6629200036034,"title":"Default","price":"1.49","sku":"030100103417","position":1,"compare_at_price":"","fulfillment_service":"manual","inventory_management":"shopify","option1":"Default","option2":null,"option3":null,"created_at":"2021-04-06T17:05:54+02:00","updated_at":"2023-05-12T02:41:25+02:00","taxable":true,"barcode":"030100103417","grams":45,"image_id":28322224505026,"weight":45.0,"weight_unit":"g","unit_price":"33.11","unit_price_measurement":{"measured_type":"weight","quantity_value":"45.0","quantity_unit":"g","reference_value":1,"reference_unit":"kg"},"requires_shipping":true,"quantity_rule":{"min":1,"max":null,"increment":1}}],"options":[{"id":8524580454594,"product_id":6629200036034,"name":"Title","position":1,"values":["Default"]}],"images":[{"id":28322224505026,"product_id":6629200036034,"position":1,"created_at":"2021-04-06T17:05:54+02:00","updated_at":"2023-03-20T16:36:07+01:00","alt":"S\u00fc\u00dfigkeiten aus aller Welt, amerikanische S\u00fc\u00dfigkeiten, S\u00fc\u00dfigkeiten bestellen, Sweets online, internationale S\u00fc\u00dfigkeiten, Kekse und Kuchen aus aller Welt, American Sweets, Keebler M\u0026M's Bite Size Cookies ","width":600,"height":600,"src":"https:\/\/cdn.shopify.com\/s\/files\/1\/0559\/5676\/6914\/products\/mms-cookies-2.jpg?v=1679326567","variant_ids":[39637008974018]}],"image":{"id":28322224505026,"product_id":6629200036034,"position":1,"created_at":"2021-04-06T17:05:54+02:00","updated_at":"2023-03-20T16:36:07+01:00","alt":"S\u00fc\u00dfigkeiten aus aller Welt, amerikanische S\u00fc\u00dfigkeiten, S\u00fc\u00dfigkeiten bestellen, Sweets online, internationale S\u00fc\u00dfigkeiten, Kekse und Kuchen aus aller Welt, American Sweets, Keebler M\u0026M's Bite Size Cookies ","width":600,"height":600,"src":"https:\/\/cdn.shopify.com\/s\/files\/1\/0559\/5676\/6914\/products\/mms-cookies-2.jpg?v=1679326567","variant_ids":[39637008974018]}}}
{"product":{"id":7096924733634,"title":"Sour Patch BIG Kids 5,5g","body_html":"\u003cp\u003eSour Patch Kids ist eines unserer absoluten Bestsellerprodukte! Die Marke ist weltweit bekannt und vers\u00fc\u00dft mit Ihren kleinen Fruchtgummi-M\u00e4nnchen deinen Alltag. Umh\u00fcllt von einer saurig-s\u00fc\u00dfen Zuckerglasur ist das saftig-chewigen Fruchtgummi nicht umsonst eines der beliebten Candys weltweit. Also, worauf wartest du? Sichere dir jetzt dein buntes Geschmackserlebnis mit den Geschmacksrichtungen Apfel, Beere, Kirsche und Melone!\u003c\/p\u003e\n\u003cp\u003eBitte beachten Sie: Dieses Angebot bezieht sich auf ein einzeln verpacktes gro\u00dfes Sour Patch Kid. Ein gro\u00dfes Sour Patch Kid wird nach dem Zufallsprinzip f\u00fcr Sie ausgew\u00e4hlt. Wenn Sie eine bestimmte Farbe\/Geschmacksrichtung w\u00fcnschen, teilen Sie uns dies bitte in den Bestellkommentaren mit und wir werden Ihren Wunsch nach M\u00f6glichkeit erf\u00fcllen. Wenn Ihre bevorzugte Farbe\/Geschmacksrichtung nicht verf\u00fcgbar ist, werden wir versuchen, uns mit Ihnen in Verbindung zu setzen, um Alternativen zu besprechen.\u003c\/p\u003e","vendor":"SugarGang","product_type":"","created_at":"2021-11-03T01:34:17+01:00","handle":"sour-patch-big-kids-5-5g","updated_at":"2023-05-12T02:41:25+02:00","published_at":"2023-04-21T17:42:39+02:00","template_suffix":"","published_scope":"web","tags":"7prozent, Amerika, Fruchtgummi, Halal, Sour, Vegan","variants":[{"id":41191658815682,"product_id":7096924733634,"title":"Default","price":"0.19","sku":"070462041057","position":1,"compare_at_price":"","fulfillment_service":"manual","inventory_management":"shopify","option1":"Default","option2":null,"option3":null,"created_at":"2021-11-03T01:34:17+01:00","updated_at":"2023-05-12T02:41:25+02:00","taxable":true,"barcode":"070462041057","grams":5,"image_id":30914627633346,"weight":5.0,"weight_unit":"g","unit_price":"31.67","unit_price_measurement":{"measured_type":"weight","quantity_value":"6.0","quantity_unit":"g","reference_value":1,"reference_unit":"kg"},"requires_shipping":true,"quantity_rule":{"min":1,"max":null,"increment":1}}],"options":[{"id":9163820138690,"product_id":7096924733634,"name":"Title","position":1,"values":["Default"]}],"images":[{"id":30914627633346,"product_id":7096924733634,"position":1,"created_at":"2021-11-03T01:34:20+01:00","updated_at":"2023-03-20T17:07:15+01:00","alt":null,"width":472,"height":472,"src":"https:\/\/cdn.shopify.com\/s\/files\/1\/0559\/5676\/6914\/products\/A13EECC5-0AF5-4495-BD5A-0C90DE298F22.jpg?v=1679328435","variant_ids":[41191658815682]}],"image":{"id":30914627633346,"product_id":7096924733634,"position":1,"created_at":"2021-11-03T01:34:20+01:00","updated_at":"2023-03-20T17:07:15+01:00","alt":null,"width":472,"height":472,"src":"https:\/\/cdn.shopify.com\/s\/files\/1\/0559\/5676\/6914\/products\/A13EECC5-0AF5-4495-BD5A-0C90DE298F22.jpg?v=1679328435","variant_ids":[41191658815682]}}}
{"product":{"id":7245424361666,"title":"Hostess Orange Cupcakes 383g","body_html":"\u003cp\u003eG\u00f6nn dir ein bisschen Fr\u00f6hlichkeit! Diese leckeren Cupcakes sind nicht nur fluffig und zart, sondern \u00fcberzeugen auch mit dem fruchtig-orangen \u00dcberguss. Genie\u00dfe die s\u00fc\u00dfen Momente und schnapp dir jetzt die Hostess Orange Cupcakes!\u003c\/p\u003e\n\u003cp\u003eInhaltsstoffe:\u00a0Zucker,Wasser,\u00a0\u003cb\u003eWeizen\u003c\/b\u003emehl, pflanzliche Fette (Talg, Palm), Fruktose- Glukosesirup*, Glukosesirup*, Feuchthaltemittel (E422), pflanzliche \u00d6le (\u003cb\u003eSoja\u003c\/b\u003ebohnen\u00f6l, Baumwollsamen\u00f6l, Sonnenblumen\u00f6l), modifizierte Maisst\u00e4rke*, Ei, Molke, Eiwei\u00df, Trocken\u003cb\u003eMilch\u003c\/b\u003e\u00a0(fettfrei), Salz, Inulin, Farbstoffe (E170, E102\u00b2, E171, E129\u00b2, E110\u00b2), Aromen, Mehlbehandlungsmittel (E471, E481), S\u00e4ureregulatoren (E516, E339), Backtriebmittel (E500, E341), Konservierungsmittel (E200, E202),\u00a0\u003cb\u003eSoja\u003c\/b\u003emehl, Orangen\u00f6l, Verdickungsmittel (E406, E415, E410), F\u00fcllstoffe (E469), Emulgatoren (E435,\u00a0\u003cb\u003eSoja\u003c\/b\u003elecithin*),\u00a0\u003cb\u003eSoja\u003c\/b\u003eproteinisolat, Enzyme. *genetisch ver\u00e4ndert **kann Aktivit\u00e4t und Aufmerksamkeit von Kindern beeintr\u00e4chtigen.\u003c\/p\u003e\n\u003cp\u003e\u003cstrong\u003eAllergene:\u00a0\u003c\/strong\u003eMilch, Weizen, Sojabonen.\u003c\/p\u003e","vendor":"SugarGang","product_type":"","created_at":"2022-02-08T01:27:53+01:00","handle":"hostess-orange-cupcakes-383g","updated_at":"2023-05-12T03:38:56+02:00","published_at":"2023-04-21T17:38:49+02:00","template_suffix":"","published_scope":"web","tags":"7prozent, Amerika, Kekse \u0026 Kuchen","variants":[{"id":41614025654466,"product_id":7245424361666,"title":"Default Title","price":"2.49","sku":"888109110079","position":1,"compare_at_price":"9.99","fulfillment_service":"manual","inventory_management":"shopify","option1":"Default Title","option2":null,"option3":null,"created_at":"2022-02-08T01:27:53+01:00","updated_at":"2023-05-12T03:38:56+02:00","taxable":true,"barcode":"888109110079","grams":383,"image_id":32153639452866,"weight":383.0,"weight_unit":"g","unit_price":"6.50","unit_price_measurement":{"measured_type":"weight","quantity_value":"383.0","quantity_unit":"g","reference_value":1,"reference_unit":"kg"},"requires_shipping":true,"quantity_rule":{"min":1,"max":null,"increment":1}}],"options":[{"id":9342189437122,"product_id":7245424361666,"name":"Title","position":1,"values":["Default Title"]}],"images":[{"id":32153639452866,"product_id":7245424361666,"position":1,"created_at":"2022-02-08T01:27:58+01:00","updated_at":"2023-03-22T11:55:06+01:00","alt":null,"width":472,"height":472,"src":"https:\/\/cdn.shopify.com\/s\/files\/1\/0559\/5676\/6914\/products\/Hostess-Orange-Cupcakes-383g.jpg?v=1679482506","variant_ids":[41614025654466]}],"image":{"id":32153639452866,"product_id":7245424361666,"position":1,"created_at":"2022-02-08T01:27:58+01:00","updated_at":"2023-03-22T11:55:06+01:00","alt":null,"width":472,"height":472,"src":"https:\/\/cdn.shopify.com\/s\/files\/1\/0559\/5676\/6914\/products\/Hostess-Orange-Cupcakes-383g.jpg?v=1679482506","variant_ids":[41614025654466]}}}
{"product":{"id":6629212160194,"title":"Ch\u00e4titos Flamin Hot Crunchy 35,4g","body_html":"\u003cp\u003eDie Ch\u00e4titos Flamin Hot Crunchy aus den USA sind nichts f\u00fcr schwache Nerven! Die knusprigen Crunchys sind genau das Richtige f\u00fcr Alle die es scharf m\u00f6gen. Mit ihrem scharfen Geschmack werden sie dich garantiert sofort in ihren Bann ziehen und lassen dir keine Chance, die T\u00fcte wieder aus der Hand zu legen!\u003c\/p\u003e\n\u003cp\u003e\u003cmeta charset=\"utf-8\"\u003e\u003cspan\u003eInhaltsstoffe:\u00a0Angereichertes Maismehl (Maismehl, Eisensulfat, Niacin, Thiaminmononitrat, Riboflavin, Fols\u00e4ure), Pflanzen\u00f6l (Mais-, Raps- und \/ oder Sonnenblumen\u00f6l), Flammend hei\u00df W\u00fcrze (aus Mais), Salz, Zucker, Mononatriumglutamat, Hefeextrakt, Zitronens Farbe [E129, E102, E110], Sonnenblumen\u00f6l, Cheddark\u00e4se [Milch, K\u00e4sekulturen, Salz, Enzym], Zwiebelpulver, Molke, Molkeproteinkonzentrat, Knoblauchpulver, Verst\u00e4ndnisliches Aroma, Buttermilch, Natriumdiacetat, Dinatriuminosinat, Dinatriumguanylat) und Salz.\u003c\/span\u003e\u003c\/p\u003e","vendor":"SugarDad","product_type":"","created_at":"2021-04-06T17:12:21+02:00","handle":"chaetitos-flamin-hot-crunchy-35-4g","updated_at":"2023-05-12T00:21:50+02:00","published_at":"2023-04-21T17:51:32+02:00","template_suffix":"","published_scope":"web","tags":"7prozent, Amerika, cheetos, Chips \u0026 Snacks, Hot","variants":[{"id":39637052162242,"product_id":6629212160194,"title":"Default Title","price":"2.49","sku":"028400032520","position":1,"compare_at_price":"","fulfillment_service":"manual","inventory_management":"shopify","option1":"Default Title","option2":null,"option3":null,"created_at":"2021-04-06T17:12:21+02:00","updated_at":"2023-05-12T00:21:50+02:00","taxable":true,"barcode":"028400032520","grams":35,"image_id":28925275340994,"weight":35.0,"weight_unit":"g","unit_price":"71.14","unit_price_measurement":{"measured_type":"weight","quantity_value":"35.0","quantity_unit":"g","reference_value":1,"reference_unit":"kg"},"requires_shipping":true,"quantity_rule":{"min":1,"max":null,"increment":1}}],"options":[{"id":8524596248770,"product_id":6629212160194,"name":"Title","position":1,"values":["Default Title"]}],"images":[{"id":28925275340994,"product_id":6629212160194,"position":1,"created_at":"2021-06-01T09:55:09+02:00","updated_at":"2023-03-20T16:05:11+01:00","alt":"S\u00fc\u00dfigkeiten aus aller Welt, amerikanische S\u00fc\u00dfigkeiten, S\u00fc\u00dfigkeiten bestellen, Sweets online, internationale S\u00fc\u00dfigkeiten, Chips aus aller Welt, American Sweets, Ch\u00e4titos Flamin Hot Crunchy","width":600,"height":600,"src":"https:\/\/cdn.shopify.com\/s\/files\/1\/0559\/5676\/6914\/products\/chatitosflaminhotcrunchy28-7g_6de1ada1-7513-4563-8f6d-c1d35f2f15d8.jpg?v=1679324711","variant_ids":[39637052162242]},{"id":28863870730434,"product_id":6629212160194,"position":2,"created_at":"2021-05-27T12:44:08+02:00","updated_at":"2021-06-01T09:55:09+02:00","alt":null,"width":600,"height":600,"src":"https:\/\/cdn.shopify.com\/s\/files\/1\/0559\/5676\/6914\/products\/chatitosflaminhotcrunchy28_7g_a8eaec00-78c8-4109-9dde-d9258bcfa827.jpg?v=1622534109","variant_ids":[]}],"image":{"id":28925275340994,"product_id":6629212160194,"position":1,"created_at":"2021-06-01T09:55:09+02:00","updated_at":"2023-03-20T16:05:11+01:00","alt":"S\u00fc\u00dfigkeiten aus aller Welt, amerikanische S\u00fc\u00dfigkeiten, S\u00fc\u00dfigkeiten bestellen, Sweets online, internationale S\u00fc\u00dfigkeiten, Chips aus aller Welt, American Sweets, Ch\u00e4titos Flamin Hot Crunchy","width":600,"height":600,"src":"https:\/\/cdn.shopify.com\/s\/files\/1\/0559\/5676\/6914\/products\/chatitosflaminhotcrunchy28-7g_6de1ada1-7513-4563-8f6d-c1d35f2f15d8.jpg?v=1679324711","variant_ids":[39637052162242]}}}
{"product":{"id":6629240504514,"title":"Coca Cola Cherry Vanilla 355ml","body_html":"\u003cp\u003eDas wohl beliebteste Getr\u00e4nk der Welt in Kombination mit fruchtig-leckerem Kirschgeschmack und einem Hauch von Vanille! Coca Cola Cherry Vanilla aus den USA \u00fcberzeugt mit dem klassischen Cola-Geschmack, der perfekt mit dem Geschmack von leckerer Kirsche harmoniert. Mit dem Hauch von bester Vanille bringt euch dieses Gretr\u00e4nk noch einen extra Portion an leckerer S\u00fc\u00dfe. Erlebt dieses Geschmackserlebnis und genie\u00dft pure Erfrischung an hei\u00dfen Sommertagen!\u003c\/p\u003e\n\u003cp\u003eInhaltsstoffe: Wasser, Kohlens\u00e4ure, Farbstoff E 150d, S\u00e4uerungsmittel Phosphors\u00e4ure, S\u00fc\u00dfungsmittel (Natriumcyclamat, Acesulfam K, Aspartam), nat\u00fcrliches Aroma, S\u00e4ureregulator Natriumcitrate, Aroma Koffein.\u003c\/p\u003e","vendor":"SugarDad","product_type":"Coca Cola","created_at":"2021-04-06T17:30:26+02:00","handle":"coca-cola-cherry-vanilla-355ml","updated_at":"2023-05-11T21:29:40+02:00","published_at":"2023-04-21T17:49:49+02:00","template_suffix":"","published_scope":"web","tags":"19prozent, __pfandtext, Amerika, Getr\u00e4nke","variants":[{"id":39637135065282,"product_id":6629240504514,"title":"Default Title","price":"2.49","sku":"4260517181388","position":1,"compare_at_price":"","fulfillment_service":"manual","inventory_management":"shopify","option1":"Default Title","option2":null,"option3":null,"created_at":"2021-04-06T17:30:26+02:00","updated_at":"2023-05-11T21:29:40+02:00","taxable":true,"barcode":"049000093261","grams":355,"image_id":null,"weight":355.0,"weight_unit":"g","unit_price":"7.01","unit_price_measurement":{"measured_type":"volume","quantity_value":"355.0","quantity_unit":"ml","reference_value":1,"reference_unit":"l"},"requires_shipping":true,"quantity_rule":{"min":1,"max":null,"increment":1}}],"options":[{"id":8524631900354,"product_id":6629240504514,"name":"Title","position":1,"values":["Default Title"]}],"images":[{"id":41981299589385,"product_id":6629240504514,"position":1,"created_at":"2022-12-19T13:59:57+01:00","updated_at":"2023-03-20T13:02:11+01:00","alt":null,"width":1200,"height":1200,"src":"https:\/\/cdn.shopify.com\/s\/files\/1\/0559\/5676\/6914\/products\/Coca-Cola-Cherry-Vanilla.jpg?v=1679313731","variant_ids":[]}],"image":{"id":41981299589385,"product_id":6629240504514,"position":1,"created_at":"2022-12-19T13:59:57+01:00","updated_at":"2023-03-20T13:02:11+01:00","alt":null,"width":1200,"height":1200,"src":"https:\/\/cdn.shopify.com\/s\/files\/1\/0559\/5676\/6914\/products\/Coca-Cola-Cherry-Vanilla.jpg?v=1679313731","variant_ids":[]}}}
{"product":{"id":8144957735177,"title":"Now \u0026 Later Giant Chewy Original Mix 9g","body_html":"\u003cp\u003eZutaten:\u00a0Maissirup, Zucker, Palm\u00f6l, Zitronens\u00e4ure, Eiwei\u00df, Salz, Kartoffelst\u00e4rke, Sojalecithin (Emulgator), k\u00fcnstliches Aroma, Rot 40, Gelb 5, Blau 1, Blau 2. Enth\u00e4lt: Eier und Soja. Produkte k\u00f6nnen k\u00fcnstlich aromatisiert sein.\u003c\/p\u003e","vendor":"SugarGang","product_type":"","created_at":"2023-02-15T01:18:22+01:00","handle":"now-later-giant-chewy-original-mix-9g","updated_at":"2023-05-12T02:41:25+02:00","published_at":"2023-04-21T17:30:06+02:00","template_suffix":"","published_scope":"web","tags":"7prozent, Amerika, Candy","variants":[{"id":44148107673865,"product_id":8144957735177,"title":"Default","price":"0.19","sku":"7481","position":1,"compare_at_price":"","fulfillment_service":"manual","inventory_management":"shopify","option1":"Default","option2":null,"option3":null,"created_at":"2023-02-15T01:18:22+01:00","updated_at":"2023-05-12T02:41:25+02:00","taxable":true,"barcode":"041420519017","grams":9,"image_id":null,"weight":9.0,"weight_unit":"g","unit_price":"21.11","unit_price_measurement":{"measured_type":"weight","quantity_value":"9.0","quantity_unit":"g","reference_value":1,"reference_unit":"kg"},"requires_shipping":true,"quantity_rule":{"min":1,"max":null,"increment":1}}],"options":[{"id":10424774983945,"product_id":8144957735177,"name":"Title","position":1,"values":["Default"]}],"images":[{"id":42844972613897,"product_id":8144957735177,"position":1,"created_at":"2023-02-15T01:18:26+01:00","updated_at":"2023-03-20T17:39:57+01:00","alt":null,"width":2560,"height":2560,"src":"https:\/\/cdn.shopify.com\/s\/files\/1\/0559\/5676\/6914\/products\/NowLaterGiant.jpg?v=1679330397","variant_ids":[]}],"image":{"id":42844972613897,"product_id":8144957735177,"position":1,"created_at":"2023-02-15T01:18:26+01:00","updated_at":"2023-03-20T17:39:57+01:00","alt":null,"width":2560,"height":2560,"src":"https:\/\/cdn.shopify.com\/s\/files\/1\/0559\/5676\/6914\/products\/NowLaterGiant.jpg?v=1679330397","variant_ids":[]}}}
{"product":{"id":8195632890121,"title":"Flipz Milk Chocolate Pretzels 140g","body_html":"\u003cp\u003eInhaltsstoffe: Vollmilchschokolade ( Zucker, Kakaobutter , Kakaomasse , fettfreie Trockenmilch , Milchfett , Milchzucker , Soja-Lecithin , ( ein Emulgator ) , Vanillin ( k\u00fcnstliches Aroma ) , angereichertes Mehl ( Weizenmehl, Niacin , reduziertes Eisen, Thiamin Mononitrat , Riboflavin , Folic S\u00e4ure) , Maissirup , Sojalecithin , Salz, Hefe , Gerstenmalz (Gerste , Weizenmehl, Dextrose ) , Natriumbikarbonat\u003c\/p\u003e","vendor":"SugarDad","product_type":"","created_at":"2023-03-23T15:41:39+01:00","handle":"flipz-milk-chocolate-pretzels-140g","updated_at":"2023-05-12T03:59:06+02:00","published_at":"2023-04-21T17:29:11+02:00","template_suffix":null,"published_scope":"web","tags":"7prozent, Amerika, Schokolade","variants":[{"id":44299139449097,"product_id":8195632890121,"title":"Default Title","price":"3.99","sku":"5000396051995","position":1,"compare_at_price":"","fulfillment_service":"manual","inventory_management":"shopify","option1":"Default Title","option2":null,"option3":null,"created_at":"2023-03-23T15:41:39+01:00","updated_at":"2023-05-12T03:39:02+02:00","taxable":true,"barcode":"5000396051995","grams":140,"image_id":null,"weight":140.0,"weight_unit":"g","unit_price":"28.50","unit_price_measurement":{"measured_type":"weight","quantity_value":"140.0","quantity_unit":"g","reference_value":1,"reference_unit":"kg"},"requires_shipping":true,"quantity_rule":{"min":1,"max":null,"increment":1}}],"options":[{"id":10484334395657,"product_id":8195632890121,"name":"Title","position":1,"values":["Default Title"]}],"images":[{"id":43342118584585,"product_id":8195632890121,"position":1,"created_at":"2023-03-23T15:41:41+01:00","updated_at":"2023-03-23T15:41:41+01:00","alt":null,"width":1200,"height":1200,"src":"https:\/\/cdn.shopify.com\/s\/files\/1\/0559\/5676\/6914\/products\/Flipz-Milk-Chocolate-Pretzels_4a6285c5-0bc2-458a-9963-6a52e844e45e.jpg?v=1679582501","variant_ids":[]}],"image":{"id":43342118584585,"product_id":8195632890121,"position":1,"created_at":"2023-03-23T15:41:41+01:00","updated_at":"2023-03-23T15:41:41+01:00","alt":null,"width":1200,"height":1200,"src":"https:\/\/cdn.shopify.com\/s\/files\/1\/0559\/5676\/6914\/products\/Flipz-Milk-Chocolate-Pretzels_4a6285c5-0bc2-458a-9963-6a52e844e45e.jpg?v=1679582501","variant_ids":[]}}}
{"product":{"id":6629226086594,"title":"Toxic Waste Yellow Sour Candy 42g","body_html":"\u003cp\u003e\u003cspan\u003eSuper saurer Naschspa\u00df ist hier garantiert! Die Toxic Waste Yellow Sour Candy stellen jeden Bonbon Fan auf eine saure Probe, die in Kombination mit den fruchtigen Geschmacksrichtungen Apfel, Wassermelone, Dunkle Kirsche, Oregon-Himbeere und Zitrone, zu einer echten Geschmackexplosion werden. Diesen absoluten Kracher solltet Ihr euch nicht entgehen lassen!\u003c\/span\u003e\u003c\/p\u003e\n\u003cp\u003eInhaltsstoffe: Zucker, Glucosesirup, Zitronens\u00e4ure, Apfels\u00e4ure, Dextrose, Aromen, Farben (E100, E141, E162, E163), Spirulina-Extrakt, Maltodextrin, Glasiermittel; Bienenwachs.\u003c\/p\u003e","vendor":"SugarDad","product_type":"Toxic Waste","created_at":"2021-04-06T17:21:04+02:00","handle":"toxic-waste-yellow-sour-candy-42g","updated_at":"2023-05-11T21:15:13+02:00","published_at":"2023-04-21T17:50:37+02:00","template_suffix":"","published_scope":"web","tags":"7prozent, Amerika, Candy, Sour","variants":[{"id":39637092466882,"product_id":6629226086594,"title":"Default","price":"2.49","sku":"898940001320","position":1,"compare_at_price":"","fulfillment_service":"manual","inventory_management":"shopify","option1":"Default","option2":null,"option3":null,"created_at":"2021-04-06T17:21:04+02:00","updated_at":"2023-05-11T20:53:35+02:00","taxable":true,"barcode":"089894834106","grams":42,"image_id":28322361508034,"weight":42.0,"weight_unit":"g","unit_price":"59.29","unit_price_measurement":{"measured_type":"weight","quantity_value":"42.0","quantity_unit":"g","reference_value":1,"reference_unit":"kg"},"requires_shipping":true,"quantity_rule":{"min":1,"max":null,"increment":1}}],"options":[{"id":8524613812418,"product_id":6629226086594,"name":"Title","position":1,"values":["Default"]}],"images":[{"id":28322361508034,"product_id":6629226086594,"position":1,"created_at":"2021-04-06T17:21:04+02:00","updated_at":"2023-03-20T16:33:25+01:00","alt":"S\u00fc\u00dfigkeiten aus aller Welt, amerikanische S\u00fc\u00dfigkeiten, S\u00fc\u00dfigkeiten bestellen, Sweets online, internationale S\u00fc\u00dfigkeiten, American Candy, American Sweets, Toxic Waste Yellow Sour Candy","width":2560,"height":2560,"src":"https:\/\/cdn.shopify.com\/s\/files\/1\/0559\/5676\/6914\/products\/Toxic-Waste-yellow-scaled-4.jpg?v=1679326405","variant_ids":[39637092466882]}],"image":{"id":28322361508034,"product_id":6629226086594,"position":1,"created_at":"2021-04-06T17:21:04+02:00","updated_at":"2023-03-20T16:33:25+01:00","alt":"S\u00fc\u00dfigkeiten aus aller Welt, amerikanische S\u00fc\u00dfigkeiten, S\u00fc\u00dfigkeiten bestellen, Sweets online, internationale S\u00fc\u00dfigkeiten, American Candy, American Sweets, Toxic Waste Yellow Sour Candy","width":2560,"height":2560,"src":"https:\/\/cdn.shopify.com\/s\/files\/1\/0559\/5676\/6914\/products\/Toxic-Waste-yellow-scaled-4.jpg?v=1679326405","variant_ids":[39637092466882]}}}
{"product":{"id":8212555727113,"title":"Twix Cookie Dough 38,6g","body_html":"\u003cp\u003eGenie\u00dfe den einzigartigen Geschmack des neuen Twix Cookie Dough! Eine wunderbare Kombination des klassischen Twix Geschmacks und Cookie Dough bietet eine ganz neue Geschmackserfahrung. Einzigartig und unwiderstehlich!\u003c\/p\u003e\n\u003cb data-mce-fragment=\"1\"\u003e\u003cspan class=\"search-highlight\" data-mce-fragment=\"1\"\u003eInhaltsstoffe:\u003cspan data-mce-fragment=\"1\"\u003e\u00a0\u003c\/span\u003e\u003c\/span\u003e\u003c\/b\u003e\u003cspan class=\"search-highlight\" data-mce-fragment=\"1\"\u003eMilchschokolade (Zucker, Kakaobutter, Schokolade, Magermilch, Laktose, Milchfett, Sojalecithin, PGPR, k\u00fcnstliches Aroma), Palm\u00f6l, angereichertes Weizenmehl (Weizenmehl, Niacin, reduziertes Eisen, Thiaminmononitrat, Riboflavin, Fols\u00e4ure), Zucker, Maissirup; Weniger als 2 % von: Magermilch, Salz, Meersalz, Kakaopulver, Sojalecithin, modifizierte Maisst\u00e4rke, mit Alkali verarbeitetes Kakaopulver, Molkenproteinisolat, Backpulver, nat\u00fcrliche und k\u00fcnstliche Aromen.\u003c\/span\u003e","vendor":"SugarGang","product_type":"","created_at":"2023-04-17T12:41:40+02:00","handle":"twix-cookie-dough-38-6g","updated_at":"2023-05-12T00:45:20+02:00","published_at":"2023-04-24T17:47:33+02:00","template_suffix":"","published_scope":"web","tags":"Amerika, Kekse \u0026 Kuchen, Neu, Schokolade","variants":[{"id":44356602233097,"product_id":8212555727113,"title":"Default Title","price":"3.49","sku":"7641","position":1,"compare_at_price":"","fulfillment_service":"manual","inventory_management":"shopify","option1":"Default Title","option2":null,"option3":null,"created_at":"2023-04-17T12:41:40+02:00","updated_at":"2023-05-12T00:21:50+02:00","taxable":true,"barcode":"040000583516","grams":39,"image_id":null,"weight":38.6,"weight_unit":"g","unit_price":"90.41","unit_price_measurement":{"measured_type":"weight","quantity_value":"38.6","quantity_unit":"g","reference_value":1,"reference_unit":"kg"},"requires_shipping":true,"quantity_rule":{"min":1,"max":null,"increment":1}}],"options":[{"id":10505562358025,"product_id":8212555727113,"name":"Title","position":1,"values":["Default Title"]}],"images":[{"id":43617727086857,"product_id":8212555727113,"position":1,"created_at":"2023-04-24T17:47:14+02:00","updated_at":"2023-04-24T17:47:17+02:00","alt":null,"width":2560,"height":2560,"src":"https:\/\/cdn.shopify.com\/s\/files\/1\/0559\/5676\/6914\/products\/TwixCookieDough.jpg?v=1682351237","variant_ids":[]}],"image":{"id":43617727086857,"product_id":8212555727113,"position":1,"created_at":"2023-04-24T17:47:14+02:00","updated_at":"2023-04-24T17:47:17+02:00","alt":null,"width":2560,"height":2560,"src":"https:\/\/cdn.shopify.com\/s\/files\/1\/0559\/5676\/6914\/products\/TwixCookieDough.jpg?v=1682351237","variant_ids":[]}}}
{"product":{"id":6629228937410,"title":"Ogeez Chocolate 1 St\u00fcck 10g","body_html":"\u003cp\u003ewei\u00dfe Schokolade\n\u003cbr\u003eHanfsamen\n\u003cbr\u003eMaccha-Tee\n\u003cbr\u003eAufgeblasener Reis\n\u003cbr\u003eSoja Lecithin\u003c\/p\u003e","vendor":"SugarDad","product_type":"Ogeez","created_at":"2021-04-06T17:22:42+02:00","handle":"ogeez-chocolate-1-stueck-7g","updated_at":"2023-05-12T03:05:06+02:00","published_at":"2023-04-21T17:50:25+02:00","template_suffix":"","published_scope":"web","tags":"7prozent, Europa, Schokolade","variants":[{"id":39637101510850,"product_id":6629228937410,"title":"Default","price":"1.49","sku":"3593","position":1,"compare_at_price":"","fulfillment_service":"manual","inventory_management":"shopify","option1":"Default","option2":null,"option3":null,"created_at":"2021-04-06T17:22:42+02:00","updated_at":"2023-05-12T02:41:25+02:00","taxable":true,"barcode":"8719689440480","grams":10,"image_id":null,"weight":10.0,"weight_unit":"g","unit_price":"149.00","unit_price_measurement":{"measured_type":"weight","quantity_value":"10.0","quantity_unit":"g","reference_value":1,"reference_unit":"kg"},"requires_shipping":true,"quantity_rule":{"min":1,"max":null,"increment":1}}],"options":[{"id":8524617416898,"product_id":6629228937410,"name":"Title","position":1,"values":["Default"]}],"images":[{"id":40176011084041,"product_id":6629228937410,"position":1,"created_at":"2022-05-31T14:43:19+02:00","updated_at":"2023-03-20T16:36:39+01:00","alt":null,"width":2560,"height":2560,"src":"https:\/\/cdn.shopify.com\/s\/files\/1\/0559\/5676\/6914\/products\/OgeezMix10g.png?v=1679326599","variant_ids":[]}],"image":{"id":40176011084041,"product_id":6629228937410,"position":1,"created_at":"2022-05-31T14:43:19+02:00","updated_at":"2023-03-20T16:36:39+01:00","alt":null,"width":2560,"height":2560,"src":"https:\/\/cdn.shopify.com\/s\/files\/1\/0559\/5676\/6914\/products\/OgeezMix10g.png?v=1679326599","variant_ids":[]}}}
{"product":{"id":8123422408969,"title":"Fanta Green Apple China 330ml","body_html":"\u003cp\u003e\u003cmeta charset=\"utf-8\"\u003e\u003cspan\u003eErfrischend!\u00a0Wir haben die exklusive japanische Fanta f\u00fcr dich. Mit\u00a0ihrem\u00a0einzigartigen\u00a0Apfelgeschmack ist sie perfekt, um\u00a0deinen\u00a0Tag auf ein neues Level zu bringen. Koste\u00a0die Fanta\u00a0Green Apple China und bringe\u00a0deine\u00a0Geschmacksknospen zum Tanzen!\u00a0\u003c\/span\u003e\u003c\/p\u003e\n\u003cp\u003e\u00a0\u003c\/p\u003e\n\u003cp\u003eInhaltsstoffe: Wasser, Maissirup mit hohem Fruchtzuckergehalt, Zucker, Konservierungsmittel (E290), S\u00e4ureregulator (E330), Konservierungsmittel (E211), Emulgator (E452i), S\u00fc\u00dfungsmittel (E960), Farbstoffe (E102*, E133*), nat\u00fcrliches Aroma negativ beeinflussen Aufmerksamkeit der Kinder.\u003c\/p\u003e","vendor":"SugarGang","product_type":"","created_at":"2023-02-01T01:20:16+01:00","handle":"fanta-green-apple-china-330ml","updated_at":"2023-05-12T00:00:26+02:00","published_at":"2023-04-22T22:36:10+02:00","template_suffix":"","published_scope":"web","tags":"19prozent, __pfandtext, Asien, Getr\u00e4nke","variants":[{"id":44078971486473,"product_id":8123422408969,"title":"Default Title","price":"3.99","sku":"7399","position":1,"compare_at_price":"3.99","fulfillment_service":"manual","inventory_management":"shopify","option1":"Default Title","option2":null,"option3":null,"created_at":"2023-02-01T01:20:16+01:00","updated_at":"2023-05-12T00:00:26+02:00","taxable":true,"barcode":"6928804014679","grams":330,"image_id":42649485508873,"weight":330.0,"weight_unit":"g","unit_price":"12.09","unit_price_measurement":{"measured_type":"volume","quantity_value":"330.0","quantity_unit":"ml","reference_value":1,"reference_unit":"l"},"requires_shipping":true,"quantity_rule":{"min":1,"max":null,"increment":1}}],"options":[{"id":10399124521225,"product_id":8123422408969,"name":"Title","position":1,"values":["Default Title"]}],"images":[{"id":42649485508873,"product_id":8123422408969,"position":1,"created_at":"2023-02-01T01:20:20+01:00","updated_at":"2023-03-28T10:34:28+02:00","alt":null,"width":2560,"height":2560,"src":"https:\/\/cdn.shopify.com\/s\/files\/1\/0559\/5676\/6914\/products\/FantaAppleChina.jpg?v=1679992468","variant_ids":[44078971486473]}],"image":{"id":42649485508873,"product_id":8123422408969,"position":1,"created_at":"2023-02-01T01:20:20+01:00","updated_at":"2023-03-28T10:34:28+02:00","alt":null,"width":2560,"height":2560,"src":"https:\/\/cdn.shopify.com\/s\/files\/1\/0559\/5676\/6914\/products\/FantaAppleChina.jpg?v=1679992468","variant_ids":[44078971486473]}}}
{"product":{"id":6629210783938,"title":"Ch\u00e4titos Crunchy 34g","body_html":"\u003cp\u003eDie Ch\u00e4titos\u00a0Crunchy aus den USA geh\u00f6ren zu den beliebtesten Chips der ganzen Welt! Die knusprigen Crunchys \u00fcberzeugen mit ihrem einzigartigen, original-amerikanischen Geschmack durch den die Ch\u00e4titos\u00a0weltweit bekannt geworden sind. Diese Chips machen s\u00fcchtig und niemand wird ihnen widerstehen k\u00f6nnen!\u003c\/p\u003e\n\u003cp\u003e\u00a0\u003c\/p\u003e\n\u003cp\u003eInhaltsstoffe:\u00a0Maisgetreide, Pflanzliches \u00d6l, Jodsalz, Zitrins\u00e4ure, Gem\u00fcseprotein, Hydrolyzierter-Soja, Glutamatmononatrium, Roze, Azur, (Bio-) K\u00e4sebicarbonat-Natrium, Gew\u00fcrz, Hefe-Hydrolyste, Model, \u00d6l Natrium-Inosinat, Silikon-Dioxid, Calcium-Satarat-Chaso-Silikon, Karamellfarbe, Milchs\u00e4ure, J., Ammoniumphosphat, Gelbes ocasus fcf, Polyricricoleat Polyglycerol enthalten Sojabohnische Bestandteile.\u003c\/p\u003e","vendor":"SugarDad","product_type":"","created_at":"2021-04-06T17:11:43+02:00","handle":"chaetitos-crunchy-354g","updated_at":"2023-05-12T02:16:20+02:00","published_at":"2023-04-21T17:51:34+02:00","template_suffix":"","published_scope":"web","tags":"7prozent, Amerika, cheetos, Chips \u0026 Snacks","variants":[{"id":39637047804098,"product_id":6629210783938,"title":"Default","price":"2.49","sku":"028400022231","position":1,"compare_at_price":"","fulfillment_service":"manual","inventory_management":"shopify","option1":"Default","option2":null,"option3":null,"created_at":"2021-04-06T17:11:43+02:00","updated_at":"2023-05-12T02:16:20+02:00","taxable":true,"barcode":"028400022231","grams":34,"image_id":28924932030658,"weight":34.0,"weight_unit":"g","unit_price":"73.24","unit_price_measurement":{"measured_type":"weight","quantity_value":"34.0","quantity_unit":"g","reference_value":1,"reference_unit":"kg"},"requires_shipping":true,"quantity_rule":{"min":1,"max":null,"increment":1}}],"options":[{"id":8524594446530,"product_id":6629210783938,"name":"Title","position":1,"values":["Default"]}],"images":[{"id":28924932030658,"product_id":6629210783938,"position":1,"created_at":"2021-06-01T08:56:17+02:00","updated_at":"2023-03-20T16:04:54+01:00","alt":"S\u00fc\u00dfigkeiten aus aller Welt, amerikanische S\u00fc\u00dfigkeiten, S\u00fc\u00dfigkeiten bestellen, Sweets online, internationale S\u00fc\u00dfigkeiten, Chips aus aller Welt, American Sweets, Ch\u00e4titos Crunchy","width":600,"height":600,"src":"https:\/\/cdn.shopify.com\/s\/files\/1\/0559\/5676\/6914\/products\/ChatitosCrunchy_b077c114-407b-4eae-a0f0-b8421d6efdb3.jpg?v=1679324694","variant_ids":[39637047804098]},{"id":28863963529410,"product_id":6629210783938,"position":2,"created_at":"2021-05-27T12:52:41+02:00","updated_at":"2021-06-01T08:56:17+02:00","alt":null,"width":600,"height":600,"src":"https:\/\/cdn.shopify.com\/s\/files\/1\/0559\/5676\/6914\/products\/ChatitosCrunchy.jpg?v=1622530577","variant_ids":[]}],"image":{"id":28924932030658,"product_id":6629210783938,"position":1,"created_at":"2021-06-01T08:56:17+02:00","updated_at":"2023-03-20T16:04:54+01:00","alt":"S\u00fc\u00dfigkeiten aus aller Welt, amerikanische S\u00fc\u00dfigkeiten, S\u00fc\u00dfigkeiten bestellen, Sweets online, internationale S\u00fc\u00dfigkeiten, Chips aus aller Welt, American Sweets, Ch\u00e4titos Crunchy","width":600,"height":600,"src":"https:\/\/cdn.shopify.com\/s\/files\/1\/0559\/5676\/6914\/products\/ChatitosCrunchy_b077c114-407b-4eae-a0f0-b8421d6efdb3.jpg?v=1679324694","variant_ids":[39637047804098]}}}
{"product":{"id":6629245386946,"title":"Airheads Box 6 Bars 93g","body_html":"\u003cp\u003eMit der Airheads Box 6 Bars bekommt ihr das Beste der amerikanischen Airheads vereint in einer Box! Die ber\u00fchmten Kaubonbon-Streifen aus den USA kommen in den Geschmackssorten Wassermelone, blauer Himbeere, Kirsche, Orange, Traube und White Mysterys, der Sorte zum Erraten.\u003c\/p\u003e\n\u003cp\u003e\u00a0\u003c\/p\u003e\n\u003cp\u003eInhaltsstoffe: Zucker, Maissirup, Maltodextrin, Dextrose, modifizierte Lebensmittelst\u00e4rke (Mais), teilweise hydriertes Soja\u00f6l, enth\u00e4lt weniger als 2%: Zitronens\u00e4ure, Wasser, k\u00fcnstliche Aromen, k\u00fcnstliche Farben, Rot 40, Blau 1, Gelb 6, Gelb 5 Hergestellt in einer Anlage, die Weizenmehl verarbeitet.\u003c\/p\u003e","vendor":"SugarDad","product_type":"Airheads","created_at":"2021-04-06T17:34:27+02:00","handle":"airheads-box-93g","updated_at":"2023-05-12T00:18:56+02:00","published_at":"2023-04-27T14:46:21+02:00","template_suffix":"","published_scope":"web","tags":"7prozent, Amerika, Fruchtgummi","variants":[{"id":39637149515970,"product_id":6629245386946,"title":"Default","price":"2.99","sku":"073390020620","position":1,"compare_at_price":"","fulfillment_service":"manual","inventory_management":"shopify","option1":"Default","option2":null,"option3":null,"created_at":"2021-04-06T17:34:27+02:00","updated_at":"2023-05-11T23:58:50+02:00","taxable":true,"barcode":"073390020620","grams":93,"image_id":28322473214146,"weight":93.0,"weight_unit":"g","unit_price":"32.15","unit_price_measurement":{"measured_type":"weight","quantity_value":"93.0","quantity_unit":"g","reference_value":1,"reference_unit":"kg"},"requires_shipping":true,"quantity_rule":{"min":1,"max":null,"increment":1}}],"options":[{"id":8524637470914,"product_id":6629245386946,"name":"Title","position":1,"values":["Default"]}],"images":[{"id":28322473214146,"product_id":6629245386946,"position":1,"created_at":"2021-04-06T17:34:27+02:00","updated_at":"2023-03-20T16:02:32+01:00","alt":"S\u00fc\u00dfigkeiten aus aller Welt, amerikanische S\u00fc\u00dfigkeiten, S\u00fc\u00dfigkeiten bestellen, Sweets online, internationale S\u00fc\u00dfigkeiten, American Candy, American Sweets, Airheads Box 6 Bars","width":600,"height":600,"src":"https:\/\/cdn.shopify.com\/s\/files\/1\/0559\/5676\/6914\/products\/airhead-box-2.jpg?v=1679324552","variant_ids":[39637149515970]}],"image":{"id":28322473214146,"product_id":6629245386946,"position":1,"created_at":"2021-04-06T17:34:27+02:00","updated_at":"2023-03-20T16:02:32+01:00","alt":"S\u00fc\u00dfigkeiten aus aller Welt, amerikanische S\u00fc\u00dfigkeiten, S\u00fc\u00dfigkeiten bestellen, Sweets online, internationale S\u00fc\u00dfigkeiten, American Candy, American Sweets, Airheads Box 6 Bars","width":600,"height":600,"src":"https:\/\/cdn.shopify.com\/s\/files\/1\/0559\/5676\/6914\/products\/airhead-box-2.jpg?v=1679324552","variant_ids":[39637149515970]}}}
{"product":{"id":7003010728130,"title":"Pocky Strawberry 45g","body_html":"\u003cp\u003eMit Pocky Strawberry bekommst du ein knuspriges Vergn\u00fcgen garantiert! Kekse, \u00fcberzogen mit leckerer fruchtiger Erdbeercreme \u2013 dein Gaumen wird schon nach dem ersten Bissen vor Freude jubilieren! Genie\u00dfe Pocky und erfreue dich an einem Kekserlebnis ganz ohne Reue! \u00dcberzeug dich selbst!\u003c\/p\u003e\n\u003cp\u003eInhaltsstoffe:\u00a0Weizenmehl, Zucker, Mischung aus Pflanzen\u00f6l, Laktose, Vollmilchpulver, Palm\u00f6lfett, rote R\u00fcbenfarbe, k\u00fcnstliche Aromen, Salz, Hefe, Erdbeerpulver, Lecithin, Sauerteig, Monoglyceride, Natriumhydroxid, Papainallergen Weizen, Milch, Sojabohnen\u003c\/p\u003e","vendor":"SugarGang","product_type":"","created_at":"2021-09-21T01:31:26+02:00","handle":"pocky-strawberry-45g","updated_at":"2023-05-11T21:17:40+02:00","published_at":"2023-04-21T17:45:18+02:00","template_suffix":"","published_scope":"web","tags":"7prozent, Asien, Halal, Kekse \u0026 Kuchen","variants":[{"id":40901919506626,"product_id":7003010728130,"title":"Default Title","price":"2.49","sku":"8851019010014","position":1,"compare_at_price":"","fulfillment_service":"manual","inventory_management":"shopify","option1":"Default Title","option2":null,"option3":null,"created_at":"2021-09-21T01:31:26+02:00","updated_at":"2023-05-11T21:17:40+02:00","taxable":true,"barcode":"8851019010014","grams":45,"image_id":30276067393730,"weight":45.0,"weight_unit":"g","unit_price":"55.33","unit_price_measurement":{"measured_type":"weight","quantity_value":"45.0","quantity_unit":"g","reference_value":1,"reference_unit":"kg"},"requires_shipping":true,"quantity_rule":{"min":1,"max":null,"increment":1}}],"options":[{"id":9039113683138,"product_id":7003010728130,"name":"Title","position":1,"values":["Default Title"]}],"images":[{"id":30276067393730,"product_id":7003010728130,"position":1,"created_at":"2021-09-21T01:31:30+02:00","updated_at":"2023-03-20T17:02:43+01:00","alt":null,"width":600,"height":600,"src":"https:\/\/cdn.shopify.com\/s\/files\/1\/0559\/5676\/6914\/products\/Pocky-Strawberry-45g.jpg?v=1679328163","variant_ids":[40901919506626]}],"image":{"id":30276067393730,"product_id":7003010728130,"position":1,"created_at":"2021-09-21T01:31:30+02:00","updated_at":"2023-03-20T17:02:43+01:00","alt":null,"width":600,"height":600,"src":"https:\/\/cdn.shopify.com\/s\/files\/1\/0559\/5676\/6914\/products\/Pocky-Strawberry-45g.jpg?v=1679328163","variant_ids":[40901919506626]}}}
{"product":{"id":6629262852290,"title":"Calypso Island Wave Lemonade 473ml","body_html":"\u003cp\u003eWer braucht schon Urlaub, wenn man eine erfrischende Calypso Island Wave Lemonade genie\u00dfen kann? Dieses k\u00f6stliche Getr\u00e4nk mit Passionsfruit-, Ananas- und Orangengeschmack ist die perfekte Erfrischung an einem hei\u00dfen Tag!\u003c\/p\u003e\n\u003cp\u003eInhaltsstoffe:\u00a0Gefiltertes Wasser, Zucker, Zitronensaftkonzentrat, Zitronenfruchtpulpe, Zitronens\u00e4ure, Gem\u00fcsesaft als Farbe, nat\u00fcrliche Aromen, modifizierte Lebensmittelst\u00e4rke, EDTA zum Schutz der Farbe.\u003c\/p\u003e","vendor":"SugarDad","product_type":"Calypso","created_at":"2021-04-06T17:41:00+02:00","handle":"calypso-island-wave-lemonade-473ml","updated_at":"2023-05-11T19:50:17+02:00","published_at":"2023-04-21T17:48:37+02:00","template_suffix":"","published_scope":"web","tags":"19prozent, __pfandtext, __pfandtext3, Amerika, Getr\u00e4nke, Halal","variants":[{"id":39637186150594,"product_id":6629262852290,"title":"Default","price":"3.49","sku":"079581184058","position":1,"compare_at_price":"","fulfillment_service":"manual","inventory_management":"shopify","option1":"Default","option2":null,"option3":null,"created_at":"2021-04-06T17:41:01+02:00","updated_at":"2023-05-11T19:29:05+02:00","taxable":true,"barcode":"079581184058","grams":500,"image_id":28322534031554,"weight":500.0,"weight_unit":"g","unit_price":"7.38","unit_price_measurement":{"measured_type":"volume","quantity_value":"473.0","quantity_unit":"ml","reference_value":1,"reference_unit":"l"},"requires_shipping":true,"quantity_rule":{"min":1,"max":null,"increment":1}}],"options":[{"id":8524656967874,"product_id":6629262852290,"name":"Title","position":1,"values":["Default"]}],"images":[{"id":28322534031554,"product_id":6629262852290,"position":1,"created_at":"2021-04-06T17:41:01+02:00","updated_at":"2023-03-20T13:01:12+01:00","alt":"amerikanische Getr\u00e4nke, Getr\u00e4nke aus aller Welt, amerikanische Drinks, Drinks aus aller Welt, Calypso Lemonades, amerikanische Limonaden, Calypso Island Wave Lemonade","width":2560,"height":2560,"src":"https:\/\/cdn.shopify.com\/s\/files\/1\/0559\/5676\/6914\/products\/calypso-island-wave-scaled-4.jpg?v=1679313672","variant_ids":[39637186150594]}],"image":{"id":28322534031554,"product_id":6629262852290,"position":1,"created_at":"2021-04-06T17:41:01+02:00","updated_at":"2023-03-20T13:01:12+01:00","alt":"amerikanische Getr\u00e4nke, Getr\u00e4nke aus aller Welt, amerikanische Drinks, Drinks aus aller Welt, Calypso Lemonades, amerikanische Limonaden, Calypso Island Wave Lemonade","width":2560,"height":2560,"src":"https:\/\/cdn.shopify.com\/s\/files\/1\/0559\/5676\/6914\/products\/calypso-island-wave-scaled-4.jpg?v=1679313672","variant_ids":[39637186150594]}}}
{"product":{"id":6629189189826,"title":"Herrs Carolina Reaper Cheese Curls 28g","body_html":"\u003cp\u003eDie Carolina Reaper ist derzeit die sch\u00e4rfste Schote \u00fcberhaupt. Mit \u00fcber 1.500.000 Scoville setzt diese m\u00e4chtige Schote den Ma\u00dfstab f\u00fcr Sch\u00e4rfe. Herr's hat diese geschmackliche Herausforderung angenommen und die Sch\u00e4rfe der Carolina Reaper Pfefferschote mit der herzhaften G\u00fcte ihrer klassischen K\u00e4sekringel kombiniert!\u003c\/p\u003e\n\u003cp\u003e\u00a0\u003c\/p\u003e\n\u003cp\u003eInhaltsstoffe: Maismehl, Pflanzen\u00f6l (eine oder mehrere der folgenden Sorten): Mais, Baumwollsamen, Palmen, Sonnenblumen, K\u00e4semischung (Maltodextrin, Molke, Sonnenblumen\u00f6l, Cheddar-K\u00e4se [pasteurisierte Milch, K\u00e4sekultur, Salz, Enzyme], Salz, Mononatriumglutamat , Natriumphosphat, Butter [Sahne, Salz], nat\u00fcrliches Aroma, Zitronens\u00e4ure, Milchs\u00e4ure, Gelb 5, Gelb 6, Enzyme), Gew\u00fcrze (Mais-Maltodextrin, Salz, Gew\u00fcrze, Knoblauchpulver, Zwiebelpulver, Zucker, Paprika, Akaziengummi , Maissirupfeststoffe, nat\u00fcrliches Aroma, Zitronens\u00e4ure, Carolina Reaper Chile Pulver, nat\u00fcrliches Raucharoma), Salz.\u003c\/p\u003e","vendor":"SugarDad","product_type":"Herrs","created_at":"2021-04-06T16:59:23+02:00","handle":"herrs-carolina-reaper-cheese-curls-28g","updated_at":"2023-05-12T02:41:25+02:00","published_at":"2023-04-21T17:53:02+02:00","template_suffix":"","published_scope":"web","tags":"7prozent, Amerika, Chips \u0026 Snacks, Halal, Hot","variants":[{"id":39636980891842,"product_id":6629189189826,"title":"Default","price":"1.49","sku":"072600081505","position":1,"compare_at_price":"","fulfillment_service":"manual","inventory_management":"shopify","option1":"Default","option2":null,"option3":null,"created_at":"2021-04-06T16:59:23+02:00","updated_at":"2023-05-12T02:41:25+02:00","taxable":true,"barcode":"072600081505","grams":28,"image_id":28322179285186,"weight":28.0,"weight_unit":"g","unit_price":"53.21","unit_price_measurement":{"measured_type":"weight","quantity_value":"28.0","quantity_unit":"g","reference_value":1,"reference_unit":"kg"},"requires_shipping":true,"quantity_rule":{"min":1,"max":null,"increment":1}}],"options":[{"id":8524567216322,"product_id":6629189189826,"name":"Title","position":1,"values":["Default"]}],"images":[{"id":28322179285186,"product_id":6629189189826,"position":1,"created_at":"2021-04-06T16:59:23+02:00","updated_at":"2023-03-20T16:12:38+01:00","alt":"S\u00fc\u00dfigkeiten aus aller Welt, amerikanische S\u00fc\u00dfigkeiten, S\u00fc\u00dfigkeiten bestellen, Sweets online, internationale S\u00fc\u00dfigkeiten, Chips aus aller Welt, American Sweets, Herrs Carolina Reaper Cheese Curls","width":600,"height":600,"src":"https:\/\/cdn.shopify.com\/s\/files\/1\/0559\/5676\/6914\/products\/caroline-reaper_ff5c150d-66b5-4a57-95eb-ea00977700a6.jpg?v=1679325158","variant_ids":[39636980891842]}],"image":{"id":28322179285186,"product_id":6629189189826,"position":1,"created_at":"2021-04-06T16:59:23+02:00","updated_at":"2023-03-20T16:12:38+01:00","alt":"S\u00fc\u00dfigkeiten aus aller Welt, amerikanische S\u00fc\u00dfigkeiten, S\u00fc\u00dfigkeiten bestellen, Sweets online, internationale S\u00fc\u00dfigkeiten, Chips aus aller Welt, American Sweets, Herrs Carolina Reaper Cheese Curls","width":600,"height":600,"src":"https:\/\/cdn.shopify.com\/s\/files\/1\/0559\/5676\/6914\/products\/caroline-reaper_ff5c150d-66b5-4a57-95eb-ea00977700a6.jpg?v=1679325158","variant_ids":[39636980891842]}}}
{"product":{"id":6629242470594,"title":"C\u0026C Soda Black Cherry 710ml","body_html":"\u003cp\u003eDieses Getr\u00e4nk aus den USA m\u00fcsst ihr unbedingt probieren! Das amerikanische Kultgetr\u00e4nk C\u0026amp;C Soda Black Cherry \u00fcberzeugt mit dem prickelnd-s\u00fc\u00dfen Schwarzkirsch-Geschmack, der euch an hei\u00dfen Sommertagen die Erfrischung bringt, die ihr braucht. \u003cspan\u003eAlso, worauf wartet ihr noch? \u003c\/span\u003e\u003c\/p\u003e\n\u003cp\u003e\u00a0\u003c\/p\u003e\n\u003cp\u003eInhaltsstoffe: Kohlens\u00e4urehaltiges Wasser, Maissirup mit hohem Fruktosegehalt, Karamellfarbe, Zitronens\u00e4ure, Natriumbenzoat, Akaziengummi, k\u00fcnstliches Aroma, E129.\u003c\/p\u003e","vendor":"SugarDad","product_type":"C\u0026C","created_at":"2021-04-06T17:31:32+02:00","handle":"cc-soda-black-cherry-710ml","updated_at":"2023-05-12T01:22:21+02:00","published_at":"2023-04-27T14:47:09+02:00","template_suffix":"","published_scope":"web","tags":"19prozent, __pfandtext, Amerika, Getr\u00e4nke","variants":[{"id":39637140734146,"product_id":6629242470594,"title":"Default","price":"1.49","sku":"999045","position":1,"compare_at_price":"2.99","fulfillment_service":"manual","inventory_management":"shopify","option1":"Default","option2":null,"option3":null,"created_at":"2021-04-06T17:31:33+02:00","updated_at":"2023-05-12T01:02:15+02:00","taxable":true,"barcode":"041699241091","grams":710,"image_id":28322455322818,"weight":710.0,"weight_unit":"g","unit_price":"2.10","unit_price_measurement":{"measured_type":"volume","quantity_value":"710.0","quantity_unit":"ml","reference_value":1,"reference_unit":"l"},"requires_shipping":true,"quantity_rule":{"min":1,"max":null,"increment":1}}],"options":[{"id":8524634259650,"product_id":6629242470594,"name":"Title","position":1,"values":["Default"]}],"images":[{"id":28322455322818,"product_id":6629242470594,"position":1,"created_at":"2021-04-06T17:31:33+02:00","updated_at":"2023-03-23T15:35:54+01:00","alt":"amerikanische Getr\u00e4nke, Getr\u00e4nke aus aller Welt, internationale Getr\u00e4nke, amerikanische Drinks, Drinks aus aller Welt, C\u0026C Soda Black Cherry","width":2560,"height":2560,"src":"https:\/\/cdn.shopify.com\/s\/files\/1\/0559\/5676\/6914\/products\/cc-black-cherry-scaled-7.jpg?v=1679582154","variant_ids":[39637140734146]}],"image":{"id":28322455322818,"product_id":6629242470594,"position":1,"created_at":"2021-04-06T17:31:33+02:00","updated_at":"2023-03-23T15:35:54+01:00","alt":"amerikanische Getr\u00e4nke, Getr\u00e4nke aus aller Welt, internationale Getr\u00e4nke, amerikanische Drinks, Drinks aus aller Welt, C\u0026C Soda Black Cherry","width":2560,"height":2560,"src":"https:\/\/cdn.shopify.com\/s\/files\/1\/0559\/5676\/6914\/products\/cc-black-cherry-scaled-7.jpg?v=1679582154","variant_ids":[39637140734146]}}}
{"product":{"id":6629218025666,"title":"Ch\u00e4titos Cheddar Jalapeno Crunchy 226,8g","body_html":"\u003cp\u003eDie Ch\u00e4titos Cheddar Jalapeno Crunchy aus den USA geh\u00f6ren zu den beliebtesten Chips der ganzen Welt! Die knusprigen Crunchys \u00fcberzeugen mit ihrem superleckeren Cheddar-Geschmack, der durch einen scharfes Jalapeno-Gew\u00fcrz verfeinert wird. Diese amerikanischen Chips machen s\u00fcchtig und garantiert kein Chips-Fan wird ihnen widerstehen k\u00f6nnen!\u003c\/p\u003e\n\u003cp\u003e\u00a0\u003c\/p\u003e\n\u003cp\u003eInhaltsstoffe:\u00a0Angereichertes Maismehl (Maismehl, Eisensulfat, Niacin, Thiaminmononitrat, Riboflavin und Fols\u00e4ure), Pflanzen\u00f6l (Mais, Raps, Soja- und \/ oder Sonnenblumen\u00f6l), K\u00e4segew\u00fcrz (Molke und weniger als 2%) Folgende: Cheddar-K\u00e4se [Milch, K\u00e4sekulturen, Salz, Enzyme], teilweise hydriertes Soja\u00f6l, Canola\u00f6l, Maltodextrin [aus Mais hergestellt], saure Sahne [Kulturcreme, Magermilch], Salz, Molkeproteinkonzentrat, Mononatriumglutamat, nat\u00fcrlich Und k\u00fcnstliche Aromen, Lactids\u00e4ure, Zitronens\u00e4ure, k\u00fcnstliche Farbe [einschlie\u00dflich Gelb 6]) und Salz. Enth\u00e4lt Milchzutaten.\u003c\/p\u003e","vendor":"SugarDad","product_type":"","created_at":"2021-04-06T17:15:53+02:00","handle":"chaetitos-cheddar-jalapeno-crunchy-2268g","updated_at":"2023-05-12T03:45:08+02:00","published_at":"2023-04-21T17:51:13+02:00","template_suffix":"","published_scope":"web","tags":"7prozent, Amerika, cheetos, Chips \u0026 Snacks, Hot","variants":[{"id":39637067235522,"product_id":6629218025666,"title":"Default","price":"7.99","sku":"028400062114","position":1,"compare_at_price":"","fulfillment_service":"manual","inventory_management":"shopify","option1":"Default","option2":null,"option3":null,"created_at":"2021-04-06T17:15:53+02:00","updated_at":"2023-05-12T03:23:05+02:00","taxable":true,"barcode":"028400062114","grams":226,"image_id":32462198079682,"weight":226.0,"weight_unit":"g","unit_price":"35.20","unit_price_measurement":{"measured_type":"weight","quantity_value":"227.0","quantity_unit":"g","reference_value":1,"reference_unit":"kg"},"requires_shipping":true,"quantity_rule":{"min":1,"max":null,"increment":1}}],"options":[{"id":8524603556034,"product_id":6629218025666,"name":"Title","position":1,"values":["Default"]}],"images":[{"id":32462198079682,"product_id":6629218025666,"position":1,"created_at":"2022-03-07T13:38:10+01:00","updated_at":"2023-03-20T16:04:37+01:00","alt":null,"width":472,"height":472,"src":"https:\/\/cdn.shopify.com\/s\/files\/1\/0559\/5676\/6914\/products\/Cha--titos-Cheddar-Jalapeno-Crunchy-226-8g.jpg?v=1679324677","variant_ids":[39637067235522]}],"image":{"id":32462198079682,"product_id":6629218025666,"position":1,"created_at":"2022-03-07T13:38:10+01:00","updated_at":"2023-03-20T16:04:37+01:00","alt":null,"width":472,"height":472,"src":"https:\/\/cdn.shopify.com\/s\/files\/1\/0559\/5676\/6914\/products\/Cha--titos-Cheddar-Jalapeno-Crunchy-226-8g.jpg?v=1679324677","variant_ids":[39637067235522]}}}
{"product":{"id":6629280252098,"title":"Sour Patch Kids 99g","body_html":"\u003cp\u003eDie Marke \"Sour Patch Kids\" ist weltweit bekannt und vers\u00fc\u00dft mit Ihren kleinen Fruchtgummi-M\u00e4nnchen deinen Alltag. Umh\u00fcllt von einer sauer-s\u00fc\u00dfen Zuckerglasur ist das saftig-chewige Fruchtgummi nicht umsonst eines der beliebtesten Candys aus aller Welt.\u003c\/p\u003e\n\u003cp\u003eUnd deswegen ist \"Sour Patch Kids\" auch bei uns eines unserer absoluten Bestsellerprodukte!\u003cbr\u003e\u003cbr\u003eAlso, worauf wartest du? Sichere dir jetzt dein buntes Geschmackserlebnis mit den Geschmacksrichtungen Apfel, Beere, Kirsche und Melone!\u003cbr\u003e\u003cbr\u003e\u00a0Inhaltsstoffe:\u00a0Zucker, Invertzucker, Maissirup, modifizierte Maisst\u00e4rke, enth\u00e4lt weniger als 2% Weins\u00e4ure, Zitronens\u00e4ure, nat\u00fcrliches und k\u00fcnstliches Aroma, Titandioxid, Gelb 6, Rot 40, Blau 1.\u003c\/p\u003e","vendor":"SugarDad","product_type":"sour patch","created_at":"2021-04-06T17:45:58+02:00","handle":"sour-patch-99g","updated_at":"2023-05-12T00:20:11+02:00","published_at":"2023-04-21T17:47:57+02:00","template_suffix":"","published_scope":"web","tags":"7prozent, Amerika, Fruchtgummi, Halal, Sour, Vegan","variants":[{"id":39637214789826,"product_id":6629280252098,"title":"Default Title","price":"2.49","sku":"070462098358","position":1,"compare_at_price":"","fulfillment_service":"manual","inventory_management":"shopify","option1":"Default Title","option2":null,"option3":null,"created_at":"2021-04-06T17:45:58+02:00","updated_at":"2023-05-11T23:58:51+02:00","taxable":true,"barcode":"070462098358","grams":99,"image_id":null,"weight":99.0,"weight_unit":"g","unit_price":"25.15","unit_price_measurement":{"measured_type":"weight","quantity_value":"99.0","quantity_unit":"g","reference_value":1,"reference_unit":"kg"},"requires_shipping":true,"quantity_rule":{"min":1,"max":null,"increment":1}}],"options":[{"id":8524675252418,"product_id":6629280252098,"name":"Title","position":1,"values":["Default Title"]}],"images":[{"id":41771520164105,"product_id":6629280252098,"position":1,"created_at":"2022-12-05T17:42:50+01:00","updated_at":"2023-03-20T16:31:05+01:00","alt":null,"width":1200,"height":1200,"src":"https:\/\/cdn.shopify.com\/s\/files\/1\/0559\/5676\/6914\/products\/Sour-Patch-Kids_e8f278b7-51bd-48b3-a20d-e12195064e42.jpg?v=1679326265","variant_ids":[]}],"image":{"id":41771520164105,"product_id":6629280252098,"position":1,"created_at":"2022-12-05T17:42:50+01:00","updated_at":"2023-03-20T16:31:05+01:00","alt":null,"width":1200,"height":1200,"src":"https:\/\/cdn.shopify.com\/s\/files\/1\/0559\/5676\/6914\/products\/Sour-Patch-Kids_e8f278b7-51bd-48b3-a20d-e12195064e42.jpg?v=1679326265","variant_ids":[]}}}
{"product":{"id":8021954167049,"title":"M\u0026M Crunchy Cookie 38,3g","body_html":"\u003cp\u003e\u003cu\u003e\u003cstrong\u003eZutaten:\u00a0\u003c\/strong\u003e\u003c\/u\u003eMilchschokolade (Zucker, Kakaobutter, Schokolade, Magermilch, Laktose, Milchfett, Sojalecithin, PGPR, Salz, nat\u00fcrliche und k\u00fcnstliche Aromen), Zucker, Crisp Rice (Reismehl, Zucker, Gerstenmalzextrakt, Salz, Dextrose, gemischte Tocopherole um die Frische zu erhalten); weniger als 2 % von: Maisst\u00e4rke, Maissirup, Dextrin, Farbstoffe (enth\u00e4lt Blue 1 Lake, Yellow 6, Red 40, Yellow 5, Blue 1), Karnaubawachs, nat\u00fcrliche und k\u00fcnstliche Aromen, Akaziengummi.\u003c\/p\u003e","vendor":"SugarGang","product_type":"","created_at":"2022-11-08T01:30:48+01:00","handle":"m-m-crunchy-cookie-38-3g","updated_at":"2023-05-12T00:45:12+02:00","published_at":"2023-04-27T14:46:30+02:00","template_suffix":"","published_scope":"web","tags":"7prozent, Amerika, Schokolade","variants":[{"id":43716484071689,"product_id":8021954167049,"title":"Default","price":"3.49","sku":"7072","position":1,"compare_at_price":"3.79","fulfillment_service":"manual","inventory_management":"shopify","option1":"Default","option2":null,"option3":null,"created_at":"2022-11-08T01:30:48+01:00","updated_at":"2023-05-12T00:21:50+02:00","taxable":true,"barcode":"040000580881","grams":39,"image_id":null,"weight":39.0,"weight_unit":"g","unit_price":"91.84","unit_price_measurement":{"measured_type":"weight","quantity_value":"38.0","quantity_unit":"g","reference_value":1,"reference_unit":"kg"},"requires_shipping":true,"quantity_rule":{"min":1,"max":null,"increment":1}}],"options":[{"id":10276641898761,"product_id":8021954167049,"name":"Title","position":1,"values":["Default"]}],"images":[{"id":41454118207753,"product_id":8021954167049,"position":1,"created_at":"2022-11-08T01:30:52+01:00","updated_at":"2023-03-20T17:34:54+01:00","alt":null,"width":2560,"height":2560,"src":"https:\/\/cdn.shopify.com\/s\/files\/1\/0559\/5676\/6914\/products\/MundMCrunchCookie.jpg?v=1679330094","variant_ids":[]}],"image":{"id":41454118207753,"product_id":8021954167049,"position":1,"created_at":"2022-11-08T01:30:52+01:00","updated_at":"2023-03-20T17:34:54+01:00","alt":null,"width":2560,"height":2560,"src":"https:\/\/cdn.shopify.com\/s\/files\/1\/0559\/5676\/6914\/products\/MundMCrunchCookie.jpg?v=1679330094","variant_ids":[]}}}
{"product":{"id":8112875831561,"title":"Ch\u00e4titos Xtra Flamin Hot Mexico 55g","body_html":"\u003cp\u003eZutaten:\u00a0Maismehl, Pflanzen\u00f6l, W\u00fcrze (Maltodextrin, Jodsalz, Zitronens\u00e4ure, hydrolysiertes Pflanzeneiwei\u00df aus Mais, nat\u00fcrliches k\u00fcnstliches Aroma (enth\u00e4lt GETREIDE), Geschmacksverst\u00e4rker (E621), Kaliumchlorid, K\u00e4se, Zuckerzusatz (Zucker), Farbstoff (E129 ), mittelkettige Triglyceride, Backtriebmittel (E500), Gew\u00fcrze, Hefehydrolysat, pflanzlich modifizierte St\u00e4rke, Geschmacksverst\u00e4rker [E631, E627], Trennmittel (E551, E572, E552), \u00c4pfels\u00e4ure, Milchs\u00e4ure, Tocopherole] , SOJAlecithin, Farbstoff E102 Emulgator (E476) Enth\u00e4lt MILCH, SOJA, GETREIDE (GLUTEN).Enth\u00e4lt AZO-Farbstoffe, die sich negativ auf das Verhalten und die Konzentration von Kindern auswirken k\u00f6nnen\u003c\/p\u003e","vendor":"SugarGang","product_type":"","created_at":"2023-01-26T08:08:15+01:00","handle":"chatitos-xtra-flamin-hot-55g","updated_at":"2023-05-12T02:41:25+02:00","published_at":"2023-04-21T17:30:52+02:00","template_suffix":"","published_scope":"web","tags":"7prozent, Amerika, Chips \u0026 Snacks, Hot","variants":[{"id":44042903617801,"product_id":8112875831561,"title":"Default Title","price":"1.99","sku":"7358","position":1,"compare_at_price":"3.69","fulfillment_service":"manual","inventory_management":"shopify","option1":"Default Title","option2":null,"option3":null,"created_at":"2023-01-26T08:08:15+01:00","updated_at":"2023-05-12T02:41:25+02:00","taxable":true,"barcode":"7501011143753","grams":55,"image_id":null,"weight":55.0,"weight_unit":"g","unit_price":"36.18","unit_price_measurement":{"measured_type":"weight","quantity_value":"55.0","quantity_unit":"g","reference_value":1,"reference_unit":"kg"},"requires_shipping":true,"quantity_rule":{"min":1,"max":null,"increment":1}}],"options":[{"id":10386821382409,"product_id":8112875831561,"name":"Title","position":1,"values":["Default Title"]}],"images":[{"id":42562821554441,"product_id":8112875831561,"position":1,"created_at":"2023-01-26T08:08:18+01:00","updated_at":"2023-03-20T17:38:43+01:00","alt":null,"width":1200,"height":1200,"src":"https:\/\/cdn.shopify.com\/s\/files\/1\/0559\/5676\/6914\/products\/Cha--titos-Xtra-Flamin-Hot-55g.jpg?v=1679330323","variant_ids":[]}],"image":{"id":42562821554441,"product_id":8112875831561,"position":1,"created_at":"2023-01-26T08:08:18+01:00","updated_at":"2023-03-20T17:38:43+01:00","alt":null,"width":1200,"height":1200,"src":"https:\/\/cdn.shopify.com\/s\/files\/1\/0559\/5676\/6914\/products\/Cha--titos-Xtra-Flamin-Hot-55g.jpg?v=1679330323","variant_ids":[]}}}
{"product":{"id":8087386718473,"title":"Van Holtens Pickle Hot Mama Pickle King 196g","body_html":"\u003cp\u003eVan Holtens Pickle Hot Mama Pickle King bietet eine scharfe, w\u00fcrzige und einzigartige Kombination f\u00fcr echte Feinschmecker. Genie\u00dfen Sie den perfekten Snack und erfreuen Sie sich an seinem unvergleichlichen Geschmack!\u003c\/p\u003e","vendor":"SugarGang","product_type":"","created_at":"2023-01-12T01:16:51+01:00","handle":"van-holtens-pickle-hot-mama-pickle-king-196g","updated_at":"2023-05-12T03:23:05+02:00","published_at":"2023-04-21T17:31:02+02:00","template_suffix":"","published_scope":"web","tags":"7prozent, Amerika, Chips \u0026 Snacks, Halal, Vegan","variants":[{"id":43959647011081,"product_id":8087386718473,"title":"Default Title","price":"3.99","sku":"7306","position":1,"compare_at_price":"","fulfillment_service":"manual","inventory_management":"shopify","option1":"Default Title","option2":null,"option3":null,"created_at":"2023-01-12T01:16:51+01:00","updated_at":"2023-05-12T03:23:05+02:00","taxable":true,"barcode":"038200000926","grams":196,"image_id":null,"weight":196.0,"weight_unit":"g","unit_price":"20.36","unit_price_measurement":{"measured_type":"weight","quantity_value":"196.0","quantity_unit":"g","reference_value":1,"reference_unit":"kg"},"requires_shipping":true,"quantity_rule":{"min":1,"max":null,"increment":1}}],"options":[{"id":10356947386633,"product_id":8087386718473,"name":"Title","position":1,"values":["Default Title"]}],"images":[{"id":42309805637897,"product_id":8087386718473,"position":1,"created_at":"2023-01-12T01:16:55+01:00","updated_at":"2023-03-20T17:38:02+01:00","alt":null,"width":2560,"height":2560,"src":"https:\/\/cdn.shopify.com\/s\/files\/1\/0559\/5676\/6914\/products\/HotMamaPickle.jpg?v=1679330282","variant_ids":[]}],"image":{"id":42309805637897,"product_id":8087386718473,"position":1,"created_at":"2023-01-12T01:16:55+01:00","updated_at":"2023-03-20T17:38:02+01:00","alt":null,"width":2560,"height":2560,"src":"https:\/\/cdn.shopify.com\/s\/files\/1\/0559\/5676\/6914\/products\/HotMamaPickle.jpg?v=1679330282","variant_ids":[]}}}
{"product":{"id":6629284282562,"title":"Reeses White Cups 39,5g","body_html":"\u003cp\u003eDu liebst die klassischen Erdnussbutter-Cups von Reese\u2019s aber stehst mehr auf wei\u00dfe Schokolade? Dann ist der Reese\u2019s White Cup genau das Richtige f\u00fcr dich! Reese\u2019s kombiniert hier seine klassische cremige Erdnussbutter mit wei\u00dfer Schokolade.\u003c\/p\u003e\n\u003cp\u003eInhaltsstoffe:\u00a0Erdn\u00fcsse, Zucker, Pflanzen\u00f6l (Kakaobutter, Palm-, Shea, Sonnenblumen, Palmkern- und \/ oder Distel\u00f6l), fettfreie Milch, Dextrose, Milch, Emulgator (Sojalecithin), Antioxidationsmittel (E319), Vanillin, k\u00fcnstliches Aroma, Antioxidationsmittel (E306), Emulgator (E476).\u003cbr data-mce-fragment=\"1\"\u003eEnthalten Erdn\u00fcsse und Milch.\u003c\/p\u003e","vendor":"SugarDad","product_type":"Reeses","created_at":"2021-04-06T17:47:21+02:00","handle":"reeses-white-cups","updated_at":"2023-05-12T03:05:07+02:00","published_at":"2023-04-21T17:47:46+02:00","template_suffix":"","published_scope":"web","tags":"7prozent, Amerika, Schokolade","variants":[{"id":39637220688066,"product_id":6629284282562,"title":"Default","price":"1.99","sku":"034000433032","position":1,"compare_at_price":"","fulfillment_service":"manual","inventory_management":"shopify","option1":"Default","option2":null,"option3":null,"created_at":"2021-04-06T17:47:21+02:00","updated_at":"2023-05-12T02:41:25+02:00","taxable":true,"barcode":"03402809","grams":39,"image_id":29876111540418,"weight":39.0,"weight_unit":"g","unit_price":"49.75","unit_price_measurement":{"measured_type":"weight","quantity_value":"40.0","quantity_unit":"g","reference_value":1,"reference_unit":"kg"},"requires_shipping":true,"quantity_rule":{"min":1,"max":null,"increment":1}}],"options":[{"id":8524679413954,"product_id":6629284282562,"name":"Title","position":1,"values":["Default"]}],"images":[{"id":29876111540418,"product_id":6629284282562,"position":1,"created_at":"2021-08-17T16:58:40+02:00","updated_at":"2023-03-20T16:29:59+01:00","alt":null,"width":600,"height":600,"src":"https:\/\/cdn.shopify.com\/s\/files\/1\/0559\/5676\/6914\/products\/Reeses-White-Cups-39g.jpg?v=1679326199","variant_ids":[39637220688066]}],"image":{"id":29876111540418,"product_id":6629284282562,"position":1,"created_at":"2021-08-17T16:58:40+02:00","updated_at":"2023-03-20T16:29:59+01:00","alt":null,"width":600,"height":600,"src":"https:\/\/cdn.shopify.com\/s\/files\/1\/0559\/5676\/6914\/products\/Reeses-White-Cups-39g.jpg?v=1679326199","variant_ids":[39637220688066]}}}
{"product":{"id":6629287067842,"title":"Fanta Berry 355ml","body_html":"\u003cp\u003e\u003cspan\u003eIhr wollt unbedingt mal eine besonders fruchtige Fanta probieren? Dann ist die Fanta Berry aus den USA genau das Richtige f\u00fcr euch! Mit den unglaublich fruchtigen Aromen von besten Blau- und Himbeeren wird sie euch garantiert \u00fcberzeugen und sorgt an hei\u00dfen Sommertagen f\u00fcr die perfekte, eiskalte Erfrischung!\u003c\/span\u003e\u003c\/p\u003e\nInhaltsstoffe: Zutaten: Wasser, Kohlens\u00e4ure, Glucose-Fructose-Sirup, nat\u00fcrliches Aroma, S\u00e4uerungsmittel: Citronens\u00e4ure, Apfels\u00e4ure, Natriumcitrat, Konservierungsmittel:Kaliumsorbat (E202), Natriumbenzoat (E211), Farbstoff (133)","vendor":"SugarDad","product_type":"Fanta","created_at":"2021-04-06T17:48:00+02:00","handle":"fanta-berry","updated_at":"2023-05-11T21:29:40+02:00","published_at":"2023-04-21T17:47:39+02:00","template_suffix":"","published_scope":"web","tags":"19prozent, __pfandtext, Amerika, Getr\u00e4nke, Halal","variants":[{"id":41521070440642,"product_id":6629287067842,"title":"1 St\u00fcck","price":"2.49","sku":"049000067729","position":1,"compare_at_price":"","fulfillment_service":"manual","inventory_management":"shopify","option1":"1 St\u00fcck","option2":null,"option3":null,"created_at":"2022-01-21T11:31:27+01:00","updated_at":"2023-05-11T21:29:40+02:00","taxable":true,"barcode":"049000067729","grams":355,"image_id":41795644948745,"weight":355.0,"weight_unit":"g","unit_price":"7.01","unit_price_measurement":{"measured_type":"volume","quantity_value":"355.0","quantity_unit":"ml","reference_value":1,"reference_unit":"l"},"requires_shipping":true,"quantity_rule":{"min":1,"max":null,"increment":1}}],"options":[{"id":8524682297538,"product_id":6629287067842,"name":"Verkaufseinheit","position":1,"values":["1 St\u00fcck"]}],"images":[{"id":41795644948745,"product_id":6629287067842,"position":1,"created_at":"2022-12-07T11:49:47+01:00","updated_at":"2023-03-20T13:02:55+01:00","alt":null,"width":1200,"height":1200,"src":"https:\/\/cdn.shopify.com\/s\/files\/1\/0559\/5676\/6914\/products\/Fanta-Berry.jpg?v=1679313775","variant_ids":[41521070440642]}],"image":{"id":41795644948745,"product_id":6629287067842,"position":1,"created_at":"2022-12-07T11:49:47+01:00","updated_at":"2023-03-20T13:02:55+01:00","alt":null,"width":1200,"height":1200,"src":"https:\/\/cdn.shopify.com\/s\/files\/1\/0559\/5676\/6914\/products\/Fanta-Berry.jpg?v=1679313775","variant_ids":[41521070440642]}}}
{"product":{"id":8014646771977,"title":"Herrs Cheddar Cheese Curls 113g","body_html":"\u003cp\u003eZutaten: Maisgr\u00fctze, Sonnenblumen\u00f6l, K\u00e4searoma [Molkenpulver, Maltodextrin, Pflanzen\u00f6l (Palm\u00f6l), Salz, K\u00e4se (Milch) (2%), Aromen, Milcheiwei\u00df, S\u00e4ureregulatoren (Milchs\u00e4ure, Zitronens\u00e4ure), Geschmacksverst\u00e4rker (Mononatriumglutamat), Farbstoffe (Paprikaextrakt, Carotine)] und Bambusfaser. Enth\u00e4lt: Milch\u003c\/p\u003e","vendor":"SugarGang","product_type":"","created_at":"2022-10-18T01:23:35+02:00","handle":"herrs-cheddar-cheese-curls-113g","updated_at":"2023-05-11T21:54:31+02:00","published_at":"2023-04-21T17:33:13+02:00","template_suffix":"","published_scope":"web","tags":"7prozent, Chips \u0026 Snacks, Europa","variants":[{"id":43690850255113,"product_id":8014646771977,"title":"Default","price":"2.49","sku":"072600069138","position":1,"compare_at_price":"3.79","fulfillment_service":"manual","inventory_management":"shopify","option1":"Default","option2":null,"option3":null,"created_at":"2022-10-18T01:23:35+02:00","updated_at":"2023-05-11T21:54:31+02:00","taxable":true,"barcode":"072600069138","grams":113,"image_id":41237988933897,"weight":113.0,"weight_unit":"g","unit_price":"22.04","unit_price_measurement":{"measured_type":"weight","quantity_value":"113.0","quantity_unit":"g","reference_value":1,"reference_unit":"kg"},"requires_shipping":true,"quantity_rule":{"min":1,"max":null,"increment":1}}],"options":[{"id":10267352826121,"product_id":8014646771977,"name":"Verkaufseinheit","position":1,"values":["Default"]}],"images":[{"id":41237988933897,"product_id":8014646771977,"position":1,"created_at":"2022-10-18T01:23:38+02:00","updated_at":"2023-03-20T17:34:29+01:00","alt":null,"width":2560,"height":2560,"src":"https:\/\/cdn.shopify.com\/s\/files\/1\/0559\/5676\/6914\/products\/HerrsCheddarCheese.jpg?v=1679330069","variant_ids":[43690850255113]}],"image":{"id":41237988933897,"product_id":8014646771977,"position":1,"created_at":"2022-10-18T01:23:38+02:00","updated_at":"2023-03-20T17:34:29+01:00","alt":null,"width":2560,"height":2560,"src":"https:\/\/cdn.shopify.com\/s\/files\/1\/0559\/5676\/6914\/products\/HerrsCheddarCheese.jpg?v=1679330069","variant_ids":[43690850255113]}}}
{"product":{"id":6629281857730,"title":"Pringles Pizza 156g","body_html":"\u003cp\u003eInhaltsstoffe: Getrocknete Kartoffeln, pflanzliches \u00d6l (enth\u00e4lt ein oder mehr von: Mais\u00f6l*, Baumwollsaat\u00f6l*, SOJABOHNEN\u00d6L*, und\/oder Sonnenblumen\u00f6l), Maisst\u00e4rke*, entkeimtes gelbes Maismehl, Reismehl, Maltodextrin*, Mono- und Diglyceride (E471), enth\u00e4lt 2% oder weniger von: Salz, Dextrose*, MOLKE, nat\u00fcrliche Aromen, Mononatriumglutamat, Tomatenpulver, Zwiebelpulver, CHEDDARK\u00c4SE (MILCH, Salz, Kulturen, Enzyme), Zucker, Gew\u00fcrze, Kokosnuss\u00f6l, Knoblauchpulver, BUTTERMILCH, Zitronens\u00e4ure (E330), Hefeextrakt, Apfels\u00e4ure (E296), Paprikaextrakt (Farbsstoff), SAHNE, WEIZENDEXTROSE, Farbstoff E129**, Natriumcaseinat, MILCHS\u00c4URE.\u003c\/p\u003e\n\u003cp\u003e\u00a0\u003c\/p\u003e\n\u003cp\u003eMmmhh, lecker Pizza. Diesen leckeren Geschmack kannst du jetzt auch mit Pringles Kartoffelchips erleben. Die Kombination aus dem klassischen Pringles Kartoffelchips und dem Pizzageschmack kreiert ein v\u00f6llig neues Erlebnis f\u00fcr deine Zunge. Die legend\u00e4re, robuste Dose macht sie perfekt f\u00fcr unterwegs und ist auch wieder verschlie\u00dfbar um nur mal zwischendurch zu naschen.\u003c\/p\u003e\n\u003cp\u003e\u00a0\u003c\/p\u003e","vendor":"SugarDad","product_type":"Pringles","created_at":"2021-04-06T17:46:34+02:00","handle":"pringles-pizza-158g","updated_at":"2023-05-12T04:52:00+02:00","published_at":"2023-04-21T17:47:52+02:00","template_suffix":"","published_scope":"web","tags":"7prozent, Amerika, Chips \u0026 Snacks, Halal","variants":[{"id":39637217411266,"product_id":6629281857730,"title":"Default","price":"6.79","sku":"038000138638","position":1,"compare_at_price":"","fulfillment_service":"manual","inventory_management":"shopify","option1":"Default","option2":null,"option3":null,"created_at":"2021-04-06T17:46:35+02:00","updated_at":"2023-05-12T04:52:00+02:00","taxable":true,"barcode":"038000138638","grams":156,"image_id":28322596782274,"weight":156.0,"weight_unit":"g","unit_price":"42.97","unit_price_measurement":{"measured_type":"weight","quantity_value":"158.0","quantity_unit":"g","reference_value":1,"reference_unit":"kg"},"requires_shipping":true,"quantity_rule":{"min":1,"max":null,"increment":1}}],"options":[{"id":8524676923586,"product_id":6629281857730,"name":"Title","position":1,"values":["Default"]}],"images":[{"id":28322596782274,"product_id":6629281857730,"position":1,"created_at":"2021-04-06T17:46:34+02:00","updated_at":"2023-03-20T16:27:26+01:00","alt":"S\u00fc\u00dfigkeiten aus aller Welt, amerikanische S\u00fc\u00dfigkeiten, S\u00fc\u00dfigkeiten bestellen, Sweets online, internationale S\u00fc\u00dfigkeiten, Chips aus aller Welt, American Sweets, Pringles Pizza","width":600,"height":600,"src":"https:\/\/cdn.shopify.com\/s\/files\/1\/0559\/5676\/6914\/products\/gvf-3.jpg?v=1679326046","variant_ids":[39637217411266]}],"image":{"id":28322596782274,"product_id":6629281857730,"position":1,"created_at":"2021-04-06T17:46:34+02:00","updated_at":"2023-03-20T16:27:26+01:00","alt":"S\u00fc\u00dfigkeiten aus aller Welt, amerikanische S\u00fc\u00dfigkeiten, S\u00fc\u00dfigkeiten bestellen, Sweets online, internationale S\u00fc\u00dfigkeiten, Chips aus aller Welt, American Sweets, Pringles Pizza","width":600,"height":600,"src":"https:\/\/cdn.shopify.com\/s\/files\/1\/0559\/5676\/6914\/products\/gvf-3.jpg?v=1679326046","variant_ids":[39637217411266]}}}
{"product":{"id":7300874862786,"title":"Sakura Seika Castella White Peach 130g","body_html":"\u003cp\u003eEntdecke das einzigartige Kuchenerlebnis mit Sakura Seika Castella White Peach. Dieser besonders fluffiger Kuchen ist randvoll mit maximalem Pfirsichgeschmack, der jeden Bissen zu etwas ganz Besonderem machen wird. Lass dich begeistern!\u00a0\u003c\/p\u003e","vendor":"SugarGang","product_type":"","created_at":"2022-03-12T01:38:50+01:00","handle":"sakura-seika-castella-white-peach-130g","updated_at":"2023-05-11T21:55:23+02:00","published_at":"2023-04-21T17:37:17+02:00","template_suffix":"","published_scope":"web","tags":"7prozent, Asien, Kekse \u0026 Kuchen","variants":[{"id":41748285325506,"product_id":7300874862786,"title":"Default Title","price":"5.99","sku":"5357","position":1,"compare_at_price":"","fulfillment_service":"manual","inventory_management":"shopify","option1":"Default Title","option2":null,"option3":null,"created_at":"2022-03-12T01:38:51+01:00","updated_at":"2023-05-11T21:31:46+02:00","taxable":true,"barcode":"4573347089190","grams":130,"image_id":32511113232578,"weight":130.0,"weight_unit":"g","unit_price":"46.08","unit_price_measurement":{"measured_type":"weight","quantity_value":"130.0","quantity_unit":"g","reference_value":1,"reference_unit":"kg"},"requires_shipping":true,"quantity_rule":{"min":1,"max":null,"increment":1}}],"options":[{"id":9424422207682,"product_id":7300874862786,"name":"Title","position":1,"values":["Default Title"]}],"images":[{"id":32511113232578,"product_id":7300874862786,"position":1,"created_at":"2022-03-12T01:38:54+01:00","updated_at":"2023-03-20T17:26:25+01:00","alt":null,"width":472,"height":472,"src":"https:\/\/cdn.shopify.com\/s\/files\/1\/0559\/5676\/6914\/products\/650ABB6B-F079-41FF-A6BB-F9389F6A512B.jpg?v=1679329585","variant_ids":[41748285325506]}],"image":{"id":32511113232578,"product_id":7300874862786,"position":1,"created_at":"2022-03-12T01:38:54+01:00","updated_at":"2023-03-20T17:26:25+01:00","alt":null,"width":472,"height":472,"src":"https:\/\/cdn.shopify.com\/s\/files\/1\/0559\/5676\/6914\/products\/650ABB6B-F079-41FF-A6BB-F9389F6A512B.jpg?v=1679329585","variant_ids":[41748285325506]}}}
{"product":{"id":6629262983362,"title":"Calypso Paradise Punch Lemonade 473ml","body_html":"\u003cp\u003eMit echtem Zitronensaft und einer verlockenden Mischung aus Kirsch- und Traubengeschmack ist dieses Getr\u00e4nk perfekt, um deinen\u00a0Durst an hei\u00dfen Tagen zu l\u00f6schen. Calypso geh\u00f6rt zu den absoluten Klassikern wenn es um erfrischende Limonaden geht. Also, schlag zu!\u003c\/p\u003e\n\u003cp\u003eInhaltsstoffe:\u00a0Gefiltertes Wasser, Zucker, Zitronensaft aus Konzentrat, Zitronens\u00e4ure, Zitronenfruchtpulpe, nat\u00fcrliche und k\u00fcnstliche Aromen, Raps\u00f6l, modifizierte Lebensmittelst\u00e4rke, FD \u0026amp; C Red # 40 und Edta zum Schutz der Farbe.\u003c\/p\u003e","vendor":"SugarDad","product_type":"Calypso","created_at":"2021-04-06T17:41:02+02:00","handle":"calypso-paradise-punch-lemonade-473ml","updated_at":"2023-05-12T00:25:12+02:00","published_at":"2023-04-21T17:48:37+02:00","template_suffix":"","published_scope":"web","tags":"19prozent, __pfandtext, __pfandtext3, Amerika, Getr\u00e4nke, Halal","variants":[{"id":39637186314434,"product_id":6629262983362,"title":"Default","price":"3.49","sku":"079581184041","position":1,"compare_at_price":"","fulfillment_service":"manual","inventory_management":"shopify","option1":"Default","option2":null,"option3":null,"created_at":"2021-04-06T17:41:03+02:00","updated_at":"2023-05-12T00:00:28+02:00","taxable":true,"barcode":"079581184041","grams":500,"image_id":28322534162626,"weight":500.0,"weight_unit":"g","unit_price":"7.38","unit_price_measurement":{"measured_type":"volume","quantity_value":"473.0","quantity_unit":"ml","reference_value":1,"reference_unit":"l"},"requires_shipping":true,"quantity_rule":{"min":1,"max":null,"increment":1}}],"options":[{"id":8524657098946,"product_id":6629262983362,"name":"Title","position":1,"values":["Default"]}],"images":[{"id":28322534162626,"product_id":6629262983362,"position":1,"created_at":"2021-04-06T17:41:03+02:00","updated_at":"2023-03-20T13:01:25+01:00","alt":"amerikanische Getr\u00e4nke, Getr\u00e4nke aus aller Welt, amerikanische Drinks, Drinks aus aller Welt, Calypso Lemonades, amerikanische Limonaden, Calypso Paradise Punch Lemonade","width":600,"height":600,"src":"https:\/\/cdn.shopify.com\/s\/files\/1\/0559\/5676\/6914\/products\/calypso-paradise-punch-1-5.jpg?v=1679313685","variant_ids":[39637186314434]}],"image":{"id":28322534162626,"product_id":6629262983362,"position":1,"created_at":"2021-04-06T17:41:03+02:00","updated_at":"2023-03-20T13:01:25+01:00","alt":"amerikanische Getr\u00e4nke, Getr\u00e4nke aus aller Welt, amerikanische Drinks, Drinks aus aller Welt, Calypso Lemonades, amerikanische Limonaden, Calypso Paradise Punch Lemonade","width":600,"height":600,"src":"https:\/\/cdn.shopify.com\/s\/files\/1\/0559\/5676\/6914\/products\/calypso-paradise-punch-1-5.jpg?v=1679313685","variant_ids":[39637186314434]}}}
{"product":{"id":6970577060034,"title":"Fanta Japan Grape 300ml","body_html":"\u003cp\u003e\u003cmeta charset=\"utf-8\"\u003e\u003cspan\u003eErfrischend!\u00a0Wir haben die exklusive\u00a0japanische\u00a0Fanta f\u00fcr dich. Mit\u00a0ihrem saftigen Traubengeschmack ist sie perfekt, um\u00a0deinen\u00a0Tag auf ein neues Level zu bringen. Koste\u00a0die Fanta Japan Grape und bringe\u00a0deine\u00a0Geschmacksknospen zum Tanzen!\u00a0\u003c\/span\u003e\u003c\/p\u003e\n\u003cp\u003e\u00a0\u003c\/p\u003e\n\u003cp\u003eInhaltsstoffe:\u00a0Fruktose-Glukose-Fl\u00fcssigzucker, Traubenextrakt, Aroma, Farbstoff (Karamell, Anthocyan), S\u00e4uerungsmittel, Konservierungsmittel (Benzoes\u00e4ure Na), S\u00fc\u00dfstoff (Stevia), Vitamin B 6.\u003c\/p\u003e","vendor":"SugarGang","product_type":"","created_at":"2021-09-07T01:33:37+02:00","handle":"fanta-japan-grape-300ml","updated_at":"2023-05-12T03:05:06+02:00","published_at":"2023-04-21T17:45:25+02:00","template_suffix":"","published_scope":"web","tags":"19prozent, __pfandtext, Asien, Getr\u00e4nke","variants":[{"id":40783163621570,"product_id":6970577060034,"title":"Default Title","price":"3.99","sku":"4902102038720","position":1,"compare_at_price":"","fulfillment_service":"manual","inventory_management":"shopify","option1":"Default Title","option2":null,"option3":null,"created_at":"2021-09-07T01:33:37+02:00","updated_at":"2023-05-12T02:41:25+02:00","taxable":true,"barcode":"4902102038720","grams":300,"image_id":30101398094018,"weight":300.0,"weight_unit":"g","unit_price":"13.30","unit_price_measurement":{"measured_type":"volume","quantity_value":"300.0","quantity_unit":"ml","reference_value":1,"reference_unit":"l"},"requires_shipping":true,"quantity_rule":{"min":1,"max":null,"increment":1}}],"options":[{"id":8995304538306,"product_id":6970577060034,"name":"Title","position":1,"values":["Default Title"]}],"images":[{"id":30101398094018,"product_id":6970577060034,"position":1,"created_at":"2021-09-07T01:33:42+02:00","updated_at":"2023-03-20T13:13:06+01:00","alt":null,"width":600,"height":600,"src":"https:\/\/cdn.shopify.com\/s\/files\/1\/0559\/5676\/6914\/products\/Fanta-Japan-Grape-300ml.jpg?v=1679314386","variant_ids":[40783163621570]}],"image":{"id":30101398094018,"product_id":6970577060034,"position":1,"created_at":"2021-09-07T01:33:42+02:00","updated_at":"2023-03-20T13:13:06+01:00","alt":null,"width":600,"height":600,"src":"https:\/\/cdn.shopify.com\/s\/files\/1\/0559\/5676\/6914\/products\/Fanta-Japan-Grape-300ml.jpg?v=1679314386","variant_ids":[40783163621570]}}}
{"product":{"id":6960996712642,"title":"Fanta Grape China 500ml","body_html":"\u003cp\u003eErfrischend!\u00a0Wir haben die exklusive\u00a0chinesische\u00a0Fanta f\u00fcr dich. Mit\u00a0ihrem saftigen Traubengeschmack ist sie perfekt, um\u00a0deinen\u00a0Tag auf ein neues Level zu bringen. Koste\u00a0die Fanta Grape China und bringe\u00a0deine\u00a0Geschmacksknospen zum Tanzen!\u00a0\u003c\/p\u003e","vendor":"SugarGang","product_type":"","created_at":"2021-09-03T01:28:05+02:00","handle":"fanta-grape-china-500ml","updated_at":"2023-05-12T00:25:11+02:00","published_at":"2023-04-21T17:45:29+02:00","template_suffix":"","published_scope":"web","tags":"19prozent, __pfandtext, Asien, Getr\u00e4nke","variants":[{"id":40752654745794,"product_id":6960996712642,"title":"Default Title","price":"2.99","sku":"6928804010800","position":1,"compare_at_price":"4.99","fulfillment_service":"manual","inventory_management":"shopify","option1":"Default Title","option2":null,"option3":null,"created_at":"2021-09-03T01:28:05+02:00","updated_at":"2023-05-12T00:00:25+02:00","taxable":true,"barcode":"6928804010800","grams":500,"image_id":30053140693186,"weight":500.0,"weight_unit":"g","unit_price":"5.98","unit_price_measurement":{"measured_type":"volume","quantity_value":"500.0","quantity_unit":"ml","reference_value":1,"reference_unit":"l"},"requires_shipping":true,"quantity_rule":{"min":1,"max":null,"increment":1}}],"options":[{"id":8981951742146,"product_id":6960996712642,"name":"Title","position":1,"values":["Default Title"]}],"images":[{"id":30053140693186,"product_id":6960996712642,"position":1,"created_at":"2021-09-03T01:28:10+02:00","updated_at":"2023-03-23T15:36:03+01:00","alt":null,"width":600,"height":600,"src":"https:\/\/cdn.shopify.com\/s\/files\/1\/0559\/5676\/6914\/products\/Fanta-China-Grape-500ml.jpg?v=1679582163","variant_ids":[40752654745794]}],"image":{"id":30053140693186,"product_id":6960996712642,"position":1,"created_at":"2021-09-03T01:28:10+02:00","updated_at":"2023-03-23T15:36:03+01:00","alt":null,"width":600,"height":600,"src":"https:\/\/cdn.shopify.com\/s\/files\/1\/0559\/5676\/6914\/products\/Fanta-China-Grape-500ml.jpg?v=1679582163","variant_ids":[40752654745794]}}}
{"product":{"id":8014646837513,"title":"Herrs Jalapeno Popper Cheese Curls 113g","body_html":"","vendor":"SugarGang","product_type":"","created_at":"2022-10-18T01:23:42+02:00","handle":"herrs-jalapeno-popper-cheese-curls-113g","updated_at":"2023-05-12T03:23:00+02:00","published_at":"2023-04-21T17:33:11+02:00","template_suffix":"","published_scope":"web","tags":"7prozent, Chips \u0026 Snacks, Europa, Hot","variants":[{"id":43690850320649,"product_id":8014646837513,"title":"Default","price":"2.49","sku":"072600069107","position":1,"compare_at_price":"3.79","fulfillment_service":"manual","inventory_management":"shopify","option1":"Default","option2":null,"option3":null,"created_at":"2022-10-18T01:23:42+02:00","updated_at":"2023-05-12T03:23:00+02:00","taxable":true,"barcode":"072600069107","grams":113,"image_id":41237990015241,"weight":113.0,"weight_unit":"g","unit_price":"22.04","unit_price_measurement":{"measured_type":"weight","quantity_value":"113.0","quantity_unit":"g","reference_value":1,"reference_unit":"kg"},"requires_shipping":true,"quantity_rule":{"min":1,"max":null,"increment":1}}],"options":[{"id":10267352891657,"product_id":8014646837513,"name":"Verkaufseinheit","position":1,"values":["Default"]}],"images":[{"id":41237990015241,"product_id":8014646837513,"position":1,"created_at":"2022-10-18T01:23:45+02:00","updated_at":"2023-03-20T17:34:33+01:00","alt":null,"width":2560,"height":2560,"src":"https:\/\/cdn.shopify.com\/s\/files\/1\/0559\/5676\/6914\/products\/HerrsJalapeno.jpg?v=1679330073","variant_ids":[43690850320649]}],"image":{"id":41237990015241,"product_id":8014646837513,"position":1,"created_at":"2022-10-18T01:23:45+02:00","updated_at":"2023-03-20T17:34:33+01:00","alt":null,"width":2560,"height":2560,"src":"https:\/\/cdn.shopify.com\/s\/files\/1\/0559\/5676\/6914\/products\/HerrsJalapeno.jpg?v=1679330073","variant_ids":[43690850320649]}}}
{"product":{"id":7272182186178,"title":"Sour Patch Watermelon 160g","body_html":"\u003cp\u003eSour Patch kombiniert hier seine saurig s\u00fc\u00dfen Fruchtgummis mit dem Geschmack von erfrischender Wassermelone. Mit einer sauren Glasur und weichen fruchtigen Kern sind die kleinen Fruchtgummis das optimale Genusserlebnis f\u00fcr Gro\u00df und Klein.\u003c\/p\u003e\n\u003cp\u003eInhaltsstoffe:\u00a0Zucker, Invertzucker, Maissirup, modifizierte Maisst\u00e4rke, Zitronens\u00e4ure, Weins\u00e4ure, nat\u00fcrliche und k\u00fcnstliche Aromen, Titandioxid, Rot 40, Gelb 5 und Blau 1.\u00a0\u003c\/p\u003e","vendor":"SugarGang","product_type":"","created_at":"2022-02-24T01:16:18+01:00","handle":"sour-patch-watermelon-160g","updated_at":"2023-05-12T01:14:32+02:00","published_at":"2023-04-21T17:37:54+02:00","template_suffix":"","published_scope":"web","tags":"7prozent, Europa, Fruchtgummi, Halal, Sour, Vegan","variants":[{"id":41682446975170,"product_id":7272182186178,"title":"Default","price":"2.99","sku":"7622210796868","position":1,"compare_at_price":"","fulfillment_service":"manual","inventory_management":"shopify","option1":"Default","option2":null,"option3":null,"created_at":"2022-02-24T01:16:18+01:00","updated_at":"2023-05-12T00:54:25+02:00","taxable":true,"barcode":"7622210796868","grams":160,"image_id":32402099830978,"weight":160.0,"weight_unit":"g","unit_price":"18.69","unit_price_measurement":{"measured_type":"weight","quantity_value":"160.0","quantity_unit":"g","reference_value":1,"reference_unit":"kg"},"requires_shipping":true,"quantity_rule":{"min":1,"max":null,"increment":1}}],"options":[{"id":9383727333570,"product_id":7272182186178,"name":"Title","position":1,"values":["Default"]}],"images":[{"id":32402099830978,"product_id":7272182186178,"position":1,"created_at":"2022-03-01T17:35:21+01:00","updated_at":"2023-03-20T17:24:51+01:00","alt":null,"width":472,"height":472,"src":"https:\/\/cdn.shopify.com\/s\/files\/1\/0559\/5676\/6914\/products\/Sour-Patch-Watermelon-160g.jpg?v=1679329491","variant_ids":[41682446975170]}],"image":{"id":32402099830978,"product_id":7272182186178,"position":1,"created_at":"2022-03-01T17:35:21+01:00","updated_at":"2023-03-20T17:24:51+01:00","alt":null,"width":472,"height":472,"src":"https:\/\/cdn.shopify.com\/s\/files\/1\/0559\/5676\/6914\/products\/Sour-Patch-Watermelon-160g.jpg?v=1679329491","variant_ids":[41682446975170]}}}
{"product":{"id":6629256102082,"title":"Gatorade Glacier Freeze 591ml","body_html":"\u003cp\u003e\u003cmeta charset=\"UTF-8\"\u003e\u003cspan\u003eIhr werdet wohl kaum einen besseren Durstl\u00f6scher als Gatorade Glacier Freeze finden! Das unglaublich beliebte amerikanische Getr\u00e4nk gibt euch Elektrolyte zur\u00fcck, die ihr durch das Schwitzen beim Sport verloren habt und \u00fcberzeugt dabei mit seinem eiskalten, erfrischenden Geschmack. Also los, schlagt zu, denn nicht umsonst ist es das beliebteste Sportgetr\u00e4nk in den USA und wird von fast allen amerikanischen Profi-Sportlern getrunken!\u003c\/span\u003e\u003c\/p\u003e\n\u003cp\u003e\u00a0\u003c\/p\u003e\n\u003cp\u003eInhaltsstoffe: Wasser, Zucker, Dextrose, Zitronens\u00e4ure, Salz, Natriumcitrat, Monokaliumphosphat, modifizierte Lebensmittelst\u00e4rke, nat\u00fcrliches Aroma, Glycerinester von Kolophonium, Blau 1.\u003c\/p\u003e\n\u003cp\u003e\u00a0\u003c\/p\u003e","vendor":"SugarDad","product_type":"Gatorade","created_at":"2021-04-06T17:38:39+02:00","handle":"gatorade-glacier-freeze-591ml","updated_at":"2023-05-11T21:29:45+02:00","published_at":"2023-04-21T17:48:58+02:00","template_suffix":"","published_scope":"web","tags":"19prozent, __pfandtext, Amerika, Getr\u00e4nke","variants":[{"id":39637174976706,"product_id":6629256102082,"title":"Default","price":"2.99","sku":"052000324860","position":1,"compare_at_price":"","fulfillment_service":"manual","inventory_management":"shopify","option1":"Default","option2":null,"option3":null,"created_at":"2021-04-06T17:38:39+02:00","updated_at":"2023-05-11T21:29:45+02:00","taxable":true,"barcode":"052000208085","grams":591,"image_id":28571596783810,"weight":591.0,"weight_unit":"g","unit_price":"5.06","unit_price_measurement":{"measured_type":"volume","quantity_value":"591.0","quantity_unit":"ml","reference_value":1,"reference_unit":"l"},"requires_shipping":true,"quantity_rule":{"min":1,"max":null,"increment":1}}],"options":[{"id":8524649726146,"product_id":6629256102082,"name":"Title","position":1,"values":["Default"]}],"images":[{"id":28571596783810,"product_id":6629256102082,"position":1,"created_at":"2021-04-30T11:50:08+02:00","updated_at":"2023-03-20T13:05:51+01:00","alt":"amerikanische Getr\u00e4nke, Getr\u00e4nke aus aller Welt, internationale Getr\u00e4nke, amerikanische Drinks, Drinks aus aller Welt, Gatorade Glacier Freeze","width":600,"height":600,"src":"https:\/\/cdn.shopify.com\/s\/files\/1\/0559\/5676\/6914\/products\/GatoradeGlacierFreeze591ml.jpg?v=1679313951","variant_ids":[39637174976706]}],"image":{"id":28571596783810,"product_id":6629256102082,"position":1,"created_at":"2021-04-30T11:50:08+02:00","updated_at":"2023-03-20T13:05:51+01:00","alt":"amerikanische Getr\u00e4nke, Getr\u00e4nke aus aller Welt, internationale Getr\u00e4nke, amerikanische Drinks, Drinks aus aller Welt, Gatorade Glacier Freeze","width":600,"height":600,"src":"https:\/\/cdn.shopify.com\/s\/files\/1\/0559\/5676\/6914\/products\/GatoradeGlacierFreeze591ml.jpg?v=1679313951","variant_ids":[39637174976706]}}}
{"product":{"id":6629286641858,"title":"Fanta Pineapple 355ml","body_html":"\u003cp\u003e\u003cspan\u003eEs gibt wohl kaum eine bessere Erfrischung als eine eisgek\u00fchlte Fanta Pineapple aus den USA! Das unglaublich beliebte, amerikanische Getr\u00e4nk bekommt ihr nun bei uns endlich auch mit einem tropischen Ananas-Geschmack, der euch gedanklich wieder in euren letzten Sommerurlaub zur\u00fcckbringt. Also los, diese Erfrischung d\u00fcrft ihr euch nicht entgehen lassen!\u003c\/span\u003e\u003c\/p\u003e\n\u003cp\u003e\u00a0\u003c\/p\u003e\n\u003cp\u003eInhaltsstoffe: Wasser, Kohlens\u00e4ure, Maissirup mit hohem Fruchtzuckergehalt, Citronens\u00e4ure nat\u00fcrliches Aroma, modifizierte Nahrungsmittelst\u00e4rke, Kaliumsorbat (E202), Natriumbenzoat (E211), Natriumcitrat, Kokosnzss\u00f6l, Salz, Saccharoseacetatisobutyrat, Farbstoff (E102,E110)\u003c\/p\u003e","vendor":"SugarDad","product_type":"Fanta","created_at":"2021-04-06T17:47:53+02:00","handle":"fanta-pineapple","updated_at":"2023-05-11T19:05:13+02:00","published_at":"2023-04-21T17:47:40+02:00","template_suffix":"","published_scope":"web","tags":"19prozent, __pfandtext, Amerika, Getr\u00e4nke, Halal","variants":[{"id":41521529979074,"product_id":6629286641858,"title":"1 St\u00fcck","price":"2.49","sku":"049000014273","position":1,"compare_at_price":"","fulfillment_service":"manual","inventory_management":"shopify","option1":"1 St\u00fcck","option2":null,"option3":null,"created_at":"2022-01-21T13:33:26+01:00","updated_at":"2023-05-11T18:48:45+02:00","taxable":true,"barcode":"049000014273","grams":355,"image_id":null,"weight":355.0,"weight_unit":"g","unit_price":"7.01","unit_price_measurement":{"measured_type":"volume","quantity_value":"355.0","quantity_unit":"ml","reference_value":1,"reference_unit":"l"},"requires_shipping":true,"quantity_rule":{"min":1,"max":null,"increment":1}}],"options":[{"id":8524681838786,"product_id":6629286641858,"name":"Verkaufseinheit","position":1,"values":["1 St\u00fcck"]}],"images":[{"id":41981300998409,"product_id":6629286641858,"position":1,"created_at":"2022-12-19T14:00:01+01:00","updated_at":"2023-03-20T13:04:17+01:00","alt":null,"width":1200,"height":1200,"src":"https:\/\/cdn.shopify.com\/s\/files\/1\/0559\/5676\/6914\/products\/Fanta-Pineapple_27135c77-484f-474c-926e-65dcf5feba05.jpg?v=1679313857","variant_ids":[]}],"image":{"id":41981300998409,"product_id":6629286641858,"position":1,"created_at":"2022-12-19T14:00:01+01:00","updated_at":"2023-03-20T13:04:17+01:00","alt":null,"width":1200,"height":1200,"src":"https:\/\/cdn.shopify.com\/s\/files\/1\/0559\/5676\/6914\/products\/Fanta-Pineapple_27135c77-484f-474c-926e-65dcf5feba05.jpg?v=1679313857","variant_ids":[]}}}
{"product":{"id":7974413697289,"title":"Sour Patch Kids Grape 143g","body_html":"\u003cp\u003eEntdecke den einzigartigen Traubengeschmack von Sour Patch Kids Grape. Erfreue den Gaumen mit dieser s\u00fc\u00df-fruchtigen K\u00f6stlichkeit, die zudem perfekt zum Teilen mit Freunden ist! Probiere jetzt diese unvergleichliche Kombination aus Sauer und S\u00fc\u00df!\u003c\/p\u003e\n\u003cp\u003eInhaltsstoffe:\u00a0Zucker, Invertzucker, Maissirup, Maisst\u00e4rke, enth\u00e4lt weniger als 2% Zitronens\u00e4ure, Weins\u00e4ure, nat\u00fcrliches Aroma, E 129*, E 133 *kann die Aufmerksamkeit von.\u003c\/p\u003e","vendor":"SugarGang","product_type":"","created_at":"2022-06-16T01:51:11+02:00","handle":"sour-patch-kids-grape-143g","updated_at":"2023-05-11T21:37:44+02:00","published_at":"2023-04-21T17:35:34+02:00","template_suffix":"","published_scope":"web","tags":"7prozent, Amerika, Fruchtgummi, Halal, Sour, Vegan","variants":[{"id":43558345670921,"product_id":7974413697289,"title":"Default Title","price":"3.79","sku":"070462009002","position":1,"compare_at_price":"","fulfillment_service":"manual","inventory_management":"shopify","option1":"Default Title","option2":null,"option3":null,"created_at":"2022-06-16T01:51:11+02:00","updated_at":"2023-05-11T21:17:40+02:00","taxable":true,"barcode":"070462009002","grams":143,"image_id":null,"weight":143.0,"weight_unit":"g","unit_price":"26.50","unit_price_measurement":{"measured_type":"weight","quantity_value":"143.0","quantity_unit":"g","reference_value":1,"reference_unit":"kg"},"requires_shipping":true,"quantity_rule":{"min":1,"max":null,"increment":1}}],"options":[{"id":10217036153097,"product_id":7974413697289,"name":"Title","position":1,"values":["Default Title"]}],"images":[{"id":40927142740233,"product_id":7974413697289,"position":1,"created_at":"2022-09-07T10:50:02+02:00","updated_at":"2023-03-20T17:29:58+01:00","alt":null,"width":1200,"height":1200,"src":"https:\/\/cdn.shopify.com\/s\/files\/1\/0559\/5676\/6914\/products\/Sour-Patch-Grape-143g_0778133f-70b2-45a3-a431-071810906f03.jpg?v=1679329798","variant_ids":[]}],"image":{"id":40927142740233,"product_id":7974413697289,"position":1,"created_at":"2022-09-07T10:50:02+02:00","updated_at":"2023-03-20T17:29:58+01:00","alt":null,"width":1200,"height":1200,"src":"https:\/\/cdn.shopify.com\/s\/files\/1\/0559\/5676\/6914\/products\/Sour-Patch-Grape-143g_0778133f-70b2-45a3-a431-071810906f03.jpg?v=1679329798","variant_ids":[]}}}